2910 4876
212 302 271 361 118
507 301 642 356 DANTIS
661 300 879 356 MONARCHIA
895 300 942 353 Ill.
963 299 994 356 0.
1011 304 1034 354 9.

211 475 295 557 quod
319 494 414 555 quum
437 472 478 539 de
496 474 618 540 duobus
640 471 758 554 gladiis
780 472 978 556 loquebatur,
1002 472 1177 539 intentione
1193 472 1331 557 simplici

159 578 191 633 85
209 574 422 661 respondebat
449 574 491 639 ad
514 575 680 640 Christum.

294 678 387 757 Quod
402 677 431 743 si
446 678 544 742 verba
566 676 624 741 illa
640 675 758 741 Christi
772 681 805 741 et
818 674 904 741 Petri
919 676 1028 761 typice
1047 683 1120 741 sunt
1134 675 1331 761 accipienda,

209 801 273 846 non
294 780 433 862 adhoc,
458 779 544 860 quod
565 778 674 843 dicunt
695 777 763 859 isti,
793 776 950 843 trahenda
972 783 1062 861 sunt,
1086 779 1144 844 sed
1167 776 1333 844 referenda

209 888 282 947 sunt
304 881 497 947 adsensum
525 880 640 945 illius
662 878 778 961 gladii,
808 877 850 945 de
872 898 934 960 quo
964 878 1075 944 scribit
1097 880 1331 946 Matthaeus

210 983 270 1049 sic:
306 982 436 1067 „Nolite
458 981 620 1063 arbitrari,
650 981 725 1061 quia
754 979 828 1045 veni
856 1000 968 1064 pacem
990 980 1116 1046 nrittere
1141 982 1175 1045 in
1196 986 1329 1064 terram,

159 1105 192 1156 oo
210 1104 272 1150 non
294 1084 369 1149 veni
390 1105 503 1169 pacem
524 1083 665 1165 mittere,
693 1082 752 1148 sed
774 1081 925 1163 gladium.
969 1082 1050 1149 Veni
1074 1084 1158 1149 enirn
1181 1102 1331 1167 separare

208 1185 369 1251 hominem
391 1185 546 1252 adversus
568 1188 693 1267 patrem
715 1180 837 1266 suum,“
852 1188 909 1249 etc.
948 1184 1043 1264 Quod
1058 1184 1187 1267 qmdem
1208 1184 1244 1248 fit
1266 1189 1331 1248 tam

208 1287 323 1368 verbo,
347 1305 443 1367 quam
465 1306 569 1372 opere.
606 1287 740 1370 Propter
763 1285 848 1366 quod
864 1284 991 1351 dicebat
1013 1286 1141 1352 Lucas
1163 1286 1206 1351 ad
1225 1287 1329 1351 Theo-

208 1386 344 1472 philum:
367 1407 470 1470 „quae
487 1387 591 1471 coepit
605 1387 626 1452 J
628 1407 700 1452 esus
715 1388 821 1454 facere
836 1393 869 1454 et
884 1386 1030 1454 docere“.
1061 1388 1175 1455 Talem
1189 1386 1333 1470 gladium

210 1487 353 1554 Christus
376 1509 481 1556 emere
503 1488 735 1574 praecipiebat,
760 1508 853 1570 quem
876 1488 1036 1574 duplicem
1058 1489 1103 1555 ibi
1125 1509 1197 1555 esse
1219 1490 1333 1555 Petrus

160 1597 192 1648 95
211 1591 308 1656 etiam
336 1588 559 1675 respondebat.
604 1590 657 1656 Ad
685 1592 784 1658 verba
813 1591 897 1657 enim
925 1596 957 1658 et
986 1611 1082 1677 opera
1105 1591 1210 1676 parati
1232 1595 1331 1674 erant,

210 1713 267 1778 per
290 1713 371 1775 quae
394 1692 535 1758 facerent
551 1691 637 1774 quod
653 1693 797 1758 Christus
821 1692 956 1776 dicebat,
981 1693 1157 1760 sevenisse
1176 1693 1334 1758 facturum

210 1813 268 1877 per
289 1792 447 1877 gladium,
470 1799 505 1858 ut
528 1794 646 1861 dictum
669 1800 726 1860 est.

677 1994 798 2083 [curun
821 2001 867 2074 xl

293 2132 411 2197 Dicunt
433 2132 538 2198 adhuc
553 2132 693 2216 quidam,
716 2132 803 2214 quod
826 2132 1120 2198 Constantinus
1143 2133 1330 2218 Imperator,

209 2224 379 2299 mundatus
413 2254 433 2298 a
465 2235 556 2319 lepra
587 2234 813 2317 intercessione
848 2234 1068 2319 Sylvestri,
1108 2239 1183 2300 tunc
1215 2234 1333 2299 summi

210 2334 383 2418 Pontificis,
405 2336 536 2421 Imperii
558 2336 677 2419 sedem,
699 2336 820 2403 scilicet
843 2337 986 2418 Romam,
1009 2335 1141 2403 donavit
1154 2335 1333 2420 Ecclesiae,

208 2456 279 2501 cnm
294 2437 402 2504 multis
417 2437 490 2502 aliis
511 2438 642 2523 Imperii
657 2437 873 2520 dignitatibus
912 2436 962 2502 llx
983 2458 1044 2519 quo
1060 2443 1206 2521 arguunt,
1231 2438 1332 2520 digni-

238 2613 260 2645 ⁸⁴
278 2614 308 2665 L.
327 2600 428 2682 plodite
447 2611 603 2682 loqueretur
823 2612 854 2677 ⁹⁴,
867 2613 890 2645 ⁹⁵
900 2611 930 2664 F.
940 2611 1048 2682 qualem
1057 2612 1134 2684 diupi.
1146 2613 1185 2668 ibi
1192 2629 1251 2667 esse
1260 2612 1332 2686 Petr.

236 2698 258 2730 ⁸⁷
276 2696 346 2750 Edd.
364 2713 420 2751 noo
438 2697 475 2751 ad
492 2696 543 2752 boc
562 2703 659 2764 tomen,
671 2697 746 2768 quod
863 2713 933 2767 resp.

293 2781 324 2834 P.
344 2781 420 2852 quod
435 2781 563 2853 deberent
580 2784 626 2838 isti
823 2781 847 2815 ⁰⁶
864 2781 933 2835 Edd.
944 2781 1062 2836 dicebat:
1073 2781 1222 2848 scilicet,se
1232 2785 1333 2838 venisse

293 2866 331 2920 M.
350 2864 501 2932 trahendo,
518 2867 567 2922 sed
900 2866 934 2919 A.
960 2865 992 2919 F.
1016 2865 1047 2918 L.
1075 2865 1105 2918 P.
1130 2867 1259 2936 futurum
1281 2884 1334 2940 per

236 2952 259 2984 ⁸⁸
277 2951 310 3004 A.
329 2953 357 3004 et
381 2950 439 3004 edd.
464 2951 524 3005 sed‘
538 2952 686 3022 referende
711 2953 748 3007 ad
867 2950 989 3022 pladiani

294 3051 401 3090 sensum
800 3035 864 3105 Cep.
883 3034 917 3088 X.
953 3035 1015 3087 ³A.
1029 3034 1101 3106 Imp.
1119 3035 1216 3102 sedem,
1234 3038 1337 3092 scilicet

236 3119 259 3153 ⁸⁰
276 3118 310 3172 A.
329 3119 359 3173 F.
377 3119 411 3171 H.
430 3120 462 3173 L.
478 3119 508 3172 P.
519 3120 552 3173 V.
571 3119 663 3174 Nolite
680 3137 746 3191 erpo
866 3120 1019 3176 Romanam
1040 3132 1076 3158 ‘-
1100 3121 1130 3173 P.
1149 3119 1221 3192 [rep.
1238 3121 1335 3185 sedem,

277 3203 410 3258 arbitrari
478 3194 480 3199 ’
867 3205 896 3260 id
912 3210 953 3259 est
970 3204 1175 3260 Romam—M.
1191 3205 1264 3276 Imp.
1281 3205 1335 3259 sed.

236 3289 259 3322 ⁹¹
277 3289 309 3341 F.
328 3288 358 3342 P.
384 3286 514 3341 adversus
534 3287 651 3356 fratrem
668 3304 747 3342 situm
865 3289 915 3344 scd
939 3295 965 3343 et
987 3289 1140 3345 Romanam
1162 3319 1195 3328 -
1222 3289 1253 3342 L.
1281 3306 1337 3344 non

243 3373 266 3405 ⁰³
282 3372 316 3427 V.
333 3371 429 3442 soem
446 3377 472 3426 et
489 3372 579 3427 dicere
865 3375 952 3429 solem
970 3373 1042 3446 Imp.
1058 3374 1113 3428 sed.
1131 3374 1180 3428 scd
1197 3375 1312 3430 Romam

279 3534 303 3566 ⁸⁹
317 3535 425 3589 Evnns.
443 3532 598 3586 Manunnnr
617 3547 648 3585 ca
670 3531 720 3585 .X.
731 3550 754 3586 v.
769 3536 811 3598 34,
830 3538 870 3588 35.
907 3535 930 3568 ⁹³
946 3536 1033 3588 Actus
1045 3534 1168 3603 Apostol.
1178 3550 1236 3605 cap.
1246 3535 1267 3589 I.
1278 3554 1302 3590 v.
1317 3543 1337 3591 t.

244 3600 317 3670 Cap.
334 3600 376 3678 X.
395 3602 406 3633 ²
424 3600 641 3656 Commentorum
649 3549 683 3654 de
693 3599 829 3665 Silvestre,
841 3601 1075 3657 Constantinuma
1090 3603 1167 3724 lepra
1175 3603 1339 3660 miraculose

211 3674 340 3735 sanante,
368 3669 407 3723 ori
426 3670 483 3723 'nes
508 3674 535 3723 et
552 3684 712 3737 progressus
731 3668 927 3738 elegantissime
949 3670 1094 3724 illustravit
1139 3688 1294 3727 onnnmenu
1311 3675 1340 3728 in

210 3737 279 3793 libro
298 3737 331 3791 de
348 3686 447 3791 tabudis
465 3736 545 3791 medii
560 3737 622 3816 aevi
638 3737 727 3805 Papas
751 3738 938 3806 spectantibus
956 3755 983 3807 p.
1005 3743 1115 3793 52-61.
1156 3739 1197 3794 De
1220 3740 1274 3795 fide
1299 3742 1338 3797 eis

210 3805 353 3860 tribuenda
370 3821 425 3859 non
448 3805 579 3860 dubitant
596 3811 695 3859 noster.
739 3805 779 3859 Cf.
798 3806 926 3860 Tnoursn
944 3807 1045 3869 Aoum.
1076 3807 1109 3861 de
1126 3807 1229 3876 Regim.
1248 3809 1337 3879 princ.

211 3873 259 3927 ΠΙ.
282 3879 320 3928 16.
341 3878 367 3927 et
385 3873 528 3928 Auenoms
546 3874 632 3953 poetri
649 3873 749 3928 Intern.
767 3873 879 3929 XXVII.
898 3880 939 3928 94.

483 4014 595 4028 .....
617 3974 776 4029 Constantio
794 3974 884 4029 chiese
903 3974 1033 4030 Silvestre

483 4043 587 4098 Dentre
606 4041 707 4096 Sirctti
723 4061 740 4097 a
757 4044 856 4114 pocrir
873 4043 945 4097 della
964 4044 1058 4099 lebbre.

278 4144 343 4197 ³De
361 4143 486 4198 ementita
497 4142 669 4198 Constantini
686 4143 841 4209 donatione,
859 4149 921 4213 post
930 4149 971 4198 tot
979 4145 1054 4212 alios,
1073 4145 1225 4201 doctissime
1234 4154 1340 4205 tracta·

209 4211 245 4265 vit
263 4211 444 4267 Donnnruenn
466 4211 527 4266 loco
552 4228 604 4281 quo
628 4227 712 4281 supra
734 4230 760 4283 p.
781 4217 907 4267 ill—106.
948 4212 989 4267 cf.
1016 4217 1043 4268 et
1059 4213 1279 4272 Furnosnnorun
1298 4219 1342 4274 De
