2896 4876
245 353 393 415 XXXVIII
666 345 948 404 Pnouuuouumt.
1022 404 1024 408 ,

248 530 322 619 sed,
355 528 440 625 quod
469 529 566 624 longe
594 526 739 622 gravius,
776 526 801 596 si
831 528 1001 620 epistolam
1030 552 1104 600 cnm
1133 552 1230 624 opere
1260 535 1374 596 nostro

248 657 441 746 contuleris,
491 678 704 752 permagnam
738 656 823 726 inter
863 666 1039 751 utrumque
1082 656 1239 751 scriptum
1274 653 1375 723 inter·

248 786 363 857 cedere
390 783 604 855 differentiam
632 782 785 874 facillime
812 782 984 876 intelliges.
1029 781 1065 853 ln
1093 782 1145 853 illa
1173 783 1272 869 enim,
1301 780 1376 852 licet

247 913 359 1009 paucis
386 911 512 1007 paginis
540 919 719 1000 constante,
737 908 847 981 omnia
875 909 997 980 fervida
1023 918 1055 980 et
1081 911 1250 1001 concitata,
1269 910 1374 1006 qualia

248 1039 384 1129 homini,
402 1061 532 1109 summo
552 1059 627 1130 erga
645 1035 877 1132 Imperatorem
898 1036 1053 1133 obsequio
1072 1047 1104 1107 et
1121 1061 1243 1128 amore,
1268 1060 1374 1132 neque

249 1168 360 1238 miuus
387 1188 497 1236 rerum
531 1165 737 1260 propriarum
766 1187 823 1258 spe
850 1174 883 1233 et
909 1186 986 1233 cura
1013 1177 1196 1256 commoto,
1224 1165 1257 1236 in
1285 1175 1375 1236 tanto

249 1293 437 1366 discrimine
465 1271 689 1362 conveniunt*
717 1289 753 1360 lu
781 1313 879 1385 opere
907 1301 1019 1361 nostro
1045 1315 1120 1363 vero
1148 1293 1257 1363 omnia
1286 1317 1377 1364 com·

248 1422 352 1518 posita
380 1430 412 1490 et
438 1417 609 1508 elaborata,
628 1440 709 1512 quae
727 1417 830 1488 otium
858 1415 975 1512 quietis
1002 1418 1199 1491 domesticae
1226 1421 1375 1491 redolere

247 1548 407 1619 videntur.
460 1544 586 1616 lllodioa
623 1545 836 1640 eloquentiae,
864 1544 951 1616 nulla
986 1546 1054 1617 lere
1088 1548 1190 1618 animi
1217 1548 1377 1642 exagitati,

249 1674 488 1773 quamplurima
522 1673 846 1768 argumentationum
882 1673 1148 1765 scholasticarum
1186 1675 1377 1770 specimina,

249 1826 330 1899 quae
358 1823 425 1871 non
462 1823 534 1871 raro
568 1800 737 1893 frigidiora
764 1801 882 1896 potius,
909 1824 1005 1895 quam
1034 1801 1073 1872 ad
1108 1802 1374 1896 persuadendum

248 1940 320 2025 apta
347 1928 419 2023 quis
435 1928 559 1999 dixerit.
606 1927 704 1998 lllulta
723 1928 763 1998 de
778 1925 907 2020 juribus
924 1926 1142 2023 Imperatoris,
1161 1929 1218 1999 sed
1233 1930 1376 2024 omnino

249 2056 336 2128 nulla
373 2055 452 2126 certi
490 2052 657 2147 cujusdam
695 2053 921 2150 Imperatoris,
959 2056 1011 2126 oui
1048 2065 1161 2127 auctor
1198 2057 1306 2127 officio
1346 2069 1377 2128 ct

248 2186 365 2281 pietate
384 2207 419 2254 se
437 2182 573 2254 sentiret
590 2181 792 2272 obstrictum,
812 2182 942 2272 indicia,
960 2183 1077 2274 nullae,
1094 2183 1142 2254 vel
1168 2185 1237 2255 lere
1257 2185 1377 2277 nullae,

248 2311 288 2382 ad
315 2312 397 2382 sacta
417 2310 600 2406 synchrona
618 2309 804 2382 allusiones.
827 2308 925 2379 -ln
953 2333 992 2380 eo
1020 2311 1117 2381 etiam
1136 2312 1272 2383 alterurn
1294 2336 1377 2408 opus

142 2533 145 2544 Ι
250 2439 345 2511 distat
371 2439 411 2509 ab
438 2438 549 2529 altero,
576 2437 661 2532 quod
690 2435 875 2506 lllouarchia
903 2433 969 2535 (tlt.
1000 2433 1037 2532 3)
1063 2438 1148 2508 inter
1174 2438 1376 2512 adversarios

248 2564 455 2662 Imperatoris
482 2564 589 2661 ipsum
609 2563 728 2659 Papam
756 2574 904 2634 recenset
923 2564 1114 2655 („Sunrmus
1132 2565 1281 2638 Pontifex
1310 2624 1317 2636 .
1339 2624 1347 2638 .
1369 2625 1375 2638 .

250 2693 318 2763 zelo
346 2694 482 2763 sortasse
502 2691 639 2762 clavium
789 2716 849 2763 nec
878 2716 943 2764 uon
970 2693 1022 2764 alii
1144 2695 1183 2764 de
1213 2696 1282 2767 zelo
1311 2697 1377 2768 lor-

249 2844 319 2912 sau,
346 2845 411 2891 non
439 2819 479 2889 de
506 2819 668 2915 superbia,
694 2819 975 2912 contradicunt“);
1010 2818 1157 2916 Epistola
1184 2846 1260 2892 vero
1288 2822 1377 2894 llen·

249 2948 354 3018 ricum
389 2971 436 3016 eo
470 2945 567 3017 etiam
603 2947 736 3017 nonnine
770 2947 995 3038 commendat,
1036 2950 1121 3045 quod
1157 2948 1311 3021 Clemens
1339 2952 1375 3022 V.

249 3073 319 3168 ejus
353 3072 592 3169 expeditionem
627 3072 823 3145 benedicens
857 3074 1015 3145 secundet
1048 3074 1143 3166 („Hic
1177 3087 1243 3167 est,
1278 3103 1376 3174 quern

250 3201 413 3291 Clemens,
433 3225 520 3271 nunc
532 3200 618 3272 Petri
637 3224 817 3292 successor,
831 3202 902 3273 luce
917 3201 1121 3298 Apostolicae
1140 3205 1376 3278 benedictionis

250 3324 463 3427 illuminat“).

352 3455 411 3526 Vix
444 3454 538 3525 aliter
571 3478 667 3551 quam
703 3454 736 3524 in
764 3453 970 3546 Monarclria,
1004 3456 1078 3527 licet
1114 3459 1216 3529 multo
1246 3459 1377 3532 brevius

250 3581 429 3653 earundem
448 3582 676 3678 quaestionum
703 3593 826 3677 partem
850 3584 883 3652 in
904 3580 1057 3654 Convivia
1077 3583 1139 3674 (lV.
1160 3585 1193 3676 4,
1210 3587 1244 3677 5)
1264 3598 1377 3659 auctor

251 3718 362 3778 noster
400 3708 554 3778 tractavit.
613 3707 720 3779 Etiam
761 3711 794 3780 in
838 3711 900 3781 hoc
935 3736 1050 3807 opere,
1082 3713 1208 3783 vivente
1242 3713 1376 3786 Alberto

251 3835 438 3925 Austriaco,
464 3836 514 3907 vel
542 3845 628 3906 certe
662 3847 735 3909 ante
763 3839 954 3910 electionem
983 3838 1114 3911 Heurici
1143 3838 1208 3910 Vll.
1244 3842 1377 3937 scripto,

247 3961 321 4057 jura
348 3962 479 4057 quidem
498 3961 737 4058 Imperatorum
757 3964 977 4036 defenduntur
1002 3977 1033 4036 et
1051 3967 1270 4057 celebrantur3
1297 3973 1377 4043 certi

250 4113 326 4159 vero
360 4099 393 4159 et
418 4089 552 4161 viventis
578 4088 803 4186 Imperatoris,
825 4090 899 4185 jura
926 4117 982 4163 sua
1010 4104 1121 4165 contra
1149 4098 1377 4193 usurpationes

254 4215 436 4287 pontificias
463 4218 667 4309 vindicantis
694 4218 821 4289 nullum
849 4218 1016 4291 indicium.
1065 4222 1149 4306 Quid
1176 4223 1276 4316 igitur·
1302 4251 1377 4321 pro-
