2910 4876
359 309 494 365 DANTIS
511 308 730 364 nonnosum
748 310 782 364 Π.
801 310 831 364 c.
852 271 971 379 rano.)
1192 306 1231 368 79

104 481 256 551 duellum
278 483 453 565 adquisivit
474 482 657 567 imperium:
680 501 755 565 ergo
778 481 818 549 de
837 483 910 568 jure
933 481 1122 569 adquisivit;
1147 482 1233 566 quod
1250 486 1281 536 55

98 591 165 652 est
183 584 360 671 principale
382 585 581 671 propositum
602 586 635 649 in
656 585 739 650 libro
761 585 930 669 praesenti.

198 687 309 769 Usque
331 687 437 753 adhuc
458 691 547 771 patet
564 687 767 772 ,propositum
789 706 847 771 per
867 688 1007 754 rationes
1030 707 1113 770 quae
1135 687 1232 771 pluri-

96 809 199 855 ]num
221 789 502 855 rationalibus
530 787 696 874 principiis
717 789 905 871 innituntur;
938 787 996 856 sed
1024 810 1065 856 ex
1087 808 1171 855 nunc
1193 808 1233 854 ex

92 890 278 975 principiis
300 889 404 958 fidei
427 890 692 957 Christianae
714 892 828 958 iterum
849 890 1108 975 patefaciendum
1131 894 1188 956 est.

520 1115 641 1191 [carun
662 1132 723 1178 xn.
747 1108 761 1195 (
789 1109 829 1197 .)]

198 1264 339 1331 Maxime
372 1264 455 1330 enim
484 1265 691 1350 fremucrrmt,
726 1269 758 1331 et
786 1264 894 1329 inania
920 1262 1066 1330 meditati
1095 1266 1167 1326 sunt
1199 1262 1233 1326 in

117 1367 291 1433 Romanum
324 1366 551 1451 principatum,
590 1368 644 1448 qui
677 1369 832 1434 zelatores
864 1363 940 1431 fidei
973 1364 1164 1430 christianae
1198 1383 1233 1429 sc

118 1468 236 1553 dicunt3
261 1488 321 1534 nec
342 1467 470 1532 miseret
492 1487 547 1533 eos
564 1488 742 1554 pauperum
757 1468 885 1551 Christi,
908 1466 1023 1549 quibus
1044 1486 1107 1532 non
1129 1466 1232 1532 solum

119 1569 316 1637 defraudatio
338 1568 374 1632 fit
395 1569 428 1633 in
450 1570 656 1636 ecclesiarum
673 1562 895 1656 proventibus;
920 1568 1060 1650 quinimo
1082 1567 1232 1655 patrimo-

117 1675 165 1740 nia
187 1674 261 1757 ipsa
283 1669 425 1752 quotidie
447 1671 625 1756 rapiuntur,
655 1677 687 1738 et
716 1671 952 1756 depauperatur
973 1668 1135 1751 Ecclesia,
1159 1668 1266 1734 dum5

118 1772 294 1842 simulando
314 1772 488 1856 justitiam,
512 1778 740 1854 exequutorem
759 1773 905 1857 justitiae
926 1792 990 1839 non
1013 1769 1190 1837 admittunt.

198 1879 268 1944 Nec
285 1874 356 1959 jam
371 1873 601 1959 depauperatio
617 1875 692 1940 talis
713 1876 837 1958 absque
851 1875 914 1941 Dei
931 1873 1055 1959 judicio
1069 1872 1114 1956 fit,
1138 1891 1236 1953 quum

115 1997 171 2048 nec
194 1976 401 2065 pauperibus,
424 1996 557 2058 quorum
571 1978 764 2062 patrimonia
784 1981 857 2042 sunt
870 1975 1034 2043 Ecclesiae
1057 1976 1235 2058 facultates,

113 2077 187 2148 inde
210 2080 432 2162 subveniatur,
461 2097 565 2161 neque
594 2079 636 2144 ab
664 2078 817 2145 offerente
838 2077 977 2163 Imperio
1006 2097 1076 2143 cum
1102 2077 1233 2159 gratitu-

111 2179 188 2250 dine
222 2186 397 2249 teneantur.
441 2179 603 2264 Redcant,
636 2180 721 2247 unde
754 2184 921 2246 venemnt:
955 2185 1110 2246 venerunt
1142 2179 1233 2263 bene,
1256 2184 1285 2235 ¹⁰

137 2403 160 2436 ⁵⁷
179 2401 252 2458 Edd.
270 2400 420 2469 Hucusque
433 2402 514 2469 patet
770 2398 850 2452 etiam
874 2397 988 2451 Turrius
1012 2402 1038 2450 et
1060 2394 1162 2451 Fratic.
1186 2412 1236 2451 nec

136 2487 162 2521 ⁶⁸
180 2487 214 2540 A.
233 2486 267 2539 H.
287 2483 496 2540 rationabilibus
768 2483 896 2537 miserere

200 2570 270 2625 Edd.
288 2569 337 2625 sed
353 2569 481 2638 deinceps
499 2582 537 2621 ex
552 2583 596 2638 pr.
745 2569 756 2600 ⁷
773 2569 806 2620 A.
824 2566 855 2619 F.
873 2567 907 2620 Η.
926 2568 959 2620 L.
976 2566 1014 2620 M.
1025 2595 1059 2606 -
1073 2567 1108 2622 V.
1126 2572 1153 2622 et
1171 2567 1231 2622 edd.

139 2656 163 2690 ⁵⁹
181 2655 213 2708 F.
233 2655 267 2710 de
281 2653 338 2723 fide
355 2652 505 2707 christiana
763 2652 932 2723 paupercus

103 2735 181 2810 Cap.
200 2739 260 2792 Xll.
294 2739 426 2794 ¹Novum
444 2741 527 2804 caput
543 2734 588 2789 hic
606 2752 649 2791 or·
731 2740 753 2770 ¹⁰
770 2736 804 2789 Η.
826 2734 937 2790 licinus
962 2741 989 2790 ct
1012 2735 1071 2790 edd.
1098 2735 1190 2790 Turrii
1208 2742 1236 2792 et

185 2823 311 2879 diendum
328 2838 389 2879 esse
406 2822 505 2877 docent
521 2821 555 2874 A.
574 2825 601 2874 et
615 2820 649 2874 V.
767 2820 870 2875 Fratic.
895 2851 928 2859 —
955 2821 988 2874 A.
1013 2820 1050 2874 Μ.
1068 2821 1102 2876 V.
1128 2827 1155 2875 et
1174 2820 1233 2876 edd.

157 2911 169 2944 ²
187 2909 225 2964 Μ.
244 2909 398 2964 Romanurn
418 2908 571 2979 principem
769 2914 824 2960 ant.
842 2905 966 2961 Redeunt
983 2906 1055 2960 unde
1072 2905 1146 2960 -L.
1164 2905 1236 2962 Red-

159 2993 237 3048 3Εά.
265 2993 411 3048 Ginevrina
439 2997 466 3047 et
496 3007 564 3061 quae
591 3006 650 3045 eam
769 2990 837 3044 dunt
854 2990 926 3045 unde
946 3021 980 3030 -
1008 2991 1039 3044 In
1061 2992 1095 3046 F.
1112 2991 1238 3048 Redeunt

183 3083 314 3148 sequutae
342 3093 391 3133 nec
421 3078 524 3131 mnne.
566 3075 649 3144 PeJ'us
769 3075 876 3130 omnino
894 3076 973 3131 abest

104 3344 117 3360 ,
184 3281 257 3352 (lup.
275 3281 348 3336 XII.
384 3280 502 3336 ²Glerici
514 3279 612 3348 aliique
620 3279 707 3348 partis
718 3279 859 3351 Guelphae
870 3285 1027 3348 sectatores,
1042 3297 1110 3351 quos
1119 3282 1237 3336 Aneros

101 3359 142 3405 ln
160 3350 323 3420 Purgatorio
341 3349 387 3404 VI.
407 3354 448 3402 91.
465 3347 532 3403 dicit

420 3447 500 3514 pente
519 3439 568 3495 ebe
585 3440 717 3496 docrebbe
733 3457 807 3496 esser
827 3443 930 3497 denota.

108 3535 125 3570 ⁸
143 3535 270 3592 Similiter
296 3535 324 3590 in
350 3534 481 3589 Paradisc
508 3533 568 3587 XII.
598 3537 639 3588 93.
672 3533 788 3590 decimas
814 3551 964 3605 pauperum
997 3534 1049 3590 Dei
1082 3549 1141 3590 esse
1167 3534 1233 3590 dicit

102 3606 230 3660 Aneros
301 3606 323 3637 ¹⁰
340 3603 498 3671 „Venerunt
513 3603 610 3656 bene.“
645 3601 748 3656 Bonam
767 3603 936 3659 Constantini
960 3603 1135 3658 intentionem
1152 3602 1232 3657 etiam

105 3670 141 3728 in
158 3672 258 3728 Parad.
276 3672 336 3726 XX.
356 3677 397 3725 ct.
414 3673 531 3725 Aucrou
548 3677 640 3724 noster
657 3671 791 3739 agnoscit:

318 3773 424 3829 L'altrc
442 3771 491 3828 ebe
507 3787 604 3843 seque,
622 3787 673 3829 con
693 3772 717 3826 le
735 3771 810 3842 leppr'
825 3790 839 3828 e
856 3789 945 3838 mccc,

387 3839 466 3896 Sctto
484 3841 574 3896 bunna
591 3840 729 3894 r'ntenzr'cn
747 3839 810 3905 ebe,
827 3841 864 3911 fe'
883 3840 938 3895 mal
952 3839 1056 3910 fratte,

387 3908 443 3963 Per
461 3908 555 3965 cedere
572 3906 603 3963 al
612 3913 725 3979 pastor,
742 3910 768 3963 si
782 3910 840 3971 fece
860 3907 952 3964 Grecc.

322 4010 378 4066 Oro
395 4025 509 4066 conoece
526 4024 602 4064 come
619 4009 640 4063 d
655 4009 721 4075 mal,
741 4009 851 4063 dedutto

321 4118 323 4122 ψ
386 4079 444 4133 Dal
459 4094 510 4132 suo
528 4078 593 4133 bene
611 4093 726 4158 operer,
743 4093 798 4130 non
815 4077 858 4158 qn·
873 4078 887 4132 t
903 4080 1012 4145 nonno,

385 4149 513 4215 Annepnu
531 4144 580 4199 ebe
597 4161 639 4200 ste
657 4146 678 4200 d
694 4145 793 4199 mondo
811 4145 871 4200 endi
886 4146 1021 4200 distruttc.

118 4233 157 4288 Cf.
174 4198 314 4289 Internum
331 4231 403 4284 XIX.
425 4236 481 4286 115.
