2902 4874
404 307 538 363 nmms
557 307 776 363 nonnecnm
793 308 827 361 n.
847 307 876 363 s.
895 314 918 364 5.
974 377 978 385 ,
1179 306 1220 366 ss

111 479 269 547 Consulem
299 480 504 563 existentem,
540 480 685 565 proprios
712 479 795 546 filios
824 500 895 546 eum
922 481 1068 547 hostibus
1097 482 1221 566 conspi·
1240 501 1272 554 so

109 587 206 649 rantes
221 583 315 650 morti
331 580 468 649 dedisse.
499 581 598 667 Cujus
612 582 715 665 gloria
729 587 900 649 renovatur
913 583 947 648 in
964 587 1056 650 sexto
1072 584 1223 651 Poetae

105 684 213 768 nestri,
237 682 278 750 de
300 683 370 767 ipso
394 684 552 750 canentis:

388 855 395 869 .
431 858 437 870 .
473 816 612 883 Natosque
629 821 795 885 paternave
812 818 883 872 bella
900 822 1039 872 moventes

302 901 346 955 Ad
362 917 477 971 poenam
492 900 607 970 pulchra
623 917 673 970 pro
691 902 815 957 libertate
833 901 948 957 vocabit.

182 1021 268 1103 Quid
289 1042 353 1087 non
374 1019 556 1087 audendum
578 1042 635 1107 pro
657 1023 777 1107 patria,
800 1023 892 1089 nobis
914 1023 1068 1088 Mucius
1090 1042 1220 1106 persua·
1239 1048 1271 1099 35

89 1123 153 1209 sit,
180 1143 277 1206 quum
298 1123 460 1188 incautum
482 1124 655 1190 Porsenam
676 1124 810 1207 invasit,
834 1143 930 1206 quum
954 1123 1071 1190 deinde
1092 1145 1222 1191 manum

87 1230 274 1309 errantem,
302 1245 365 1291 non
394 1226 458 1291 alio
487 1224 578 1290 vultu
607 1245 702 1307 quam
729 1226 758 1290 si
786 1225 911 1291 hostem
933 1226 1066 1291 eruciari
1088 1226 1221 1311 videret,

80 1345 188 1394 suam
212 1326 331 1410 adhue,
356 1328 488 1394 eremari
509 1326 732 1412 adspiciebat?
767 1326 860 1408 Quod
882 1327 979 1394 etiam
1000 1328 1143 1394 Livius
1165 1327 1221 1394 ad·

80 1431 232 1496 miratur
253 1428 463 1496 testificanda.

183 1531 349 1597 Accedunt
370 1551 452 1596 nune
472 1531 550 1597 illae
568 1530 802 1597 sacratissimae
817 1531 967 1597 victimae
989 1532 1220 1616 Deciorum,
1239 1557 1272 1609 90

76 1633 150 1715 qui
175 1652 233 1717 pro
249 1631 354 1700 salute
368 1633 498 1718 publica
513 1631 647 1699 devotm
662 1632 786 1698 animas
800 1637 987 1716 pesuerunt:
1009 1638 1045 1697 ut
1060 1634 1220 1718 Livius,

75 1753 160 1802 non
183 1739 282 1816 quant
283 1753 336 1798 um
358 1738 407 1800 est
430 1733 575 1818 dignum,
604 1731 663 1799 sed
685 1737 836 1815 quantum
861 1734 981 1818 potnit,
1011 1733 1221 1817 glorificande

75 1841 249 1903 renarrat
228 1834 434 1901 tAseedit
421 1839 494 1900 tet
521 1832 603 1899 illud
631 1834 845 1900 inenarrabile
871 1834 1059 1901 sacrificium
1088 1838 1220 1904 severis

123 2038 148 2070 ⁸⁰
165 2035 197 2089 F.
215 2036 246 2090 P.
266 2035 381 2091 Consule
399 2037 531 2091 existente

124 2122 147 2154 ⁸¹
166 2121 198 2174 F.
217 2122 300 2175 morli
315 2121 426 2175 desiisse

125 2206 157 2270 ⁸¹,
177 2206 200 2238 ⁸²
217 2204 249 2257 F.
268 2203 353 2259 Poeta
370 2210 462 2261 noster

125 2291 149 2323 ⁸⁸
165 2291 199 2344 A.
218 2290 249 2344 V.
263 2290 344 2361 patri

126 2375 150 2406 ⁸⁸
168 2374 200 2428 V.
216 2372 360 2441 pulchram
377 2405 411 2415 -
428 2376 460 2428 A.
474 2374 561 2446 plena

182 2460 215 2512 A.
234 2458 264 2512 P.
283 2461 388 2515 vacarit
411 2490 445 2498 -
468 2459 499 2512 L.
520 2458 634 2514 vocabat

167 2574 200 2583 -
217 2543 250 2597 F.
268 2544 302 2597 H.
321 2544 448 2600 clamavit

128 2629 150 2662 ⁸⁵
166 2628 204 2682 M.
223 2627 295 2694 Quia
311 2635 400 2683 autern
418 2630 482 2684 etad.

183 2714 216 2767 A.
234 2714 266 2767 F.
288 2713 452 2768 audiendam
477 2743 510 2753 —
534 2713 563 2767 Ρ.
587 2729 635 2767 an-

167 2800 283 2854 diendas

127 2884 150 2917 ⁸⁸
167 2885 198 2938 A.
217 2883 248 2936 F.
266 2883 301 2936 H.
319 2882 350 2936 L.
368 2883 406 2937 M.
427 2883 458 2936 P.
484 2913 518 2921 —
544 2881 578 2937 V.
596 2882 635 2936 in·

167 2970 245 3036 assit,
265 2967 361 3022 deinde
378 2998 412 3007 —
431 2967 501 3022 Edd.
520 2967 584 3032 ina,
602 2980 635 3020 αα

168 3052 265 3107 deinde

127 3138 158 3202 ⁸⁸,
172 3138 195 3171 ⁸⁸
203 3137 236 3190 F.
254 3136 288 3190 H.
306 3137 337 3190 P.
354 3136 388 3191 V.
406 3137 481 3191 —L.
499 3137 536 3191 M.
554 3151 637 3189 mana

167 3229 303 3277 errantem
329 3253 363 3261 -
395 3222 428 3275 A.
456 3238 565 3276 marcant
594 3236 636 3274 er·

168 3312 270 3362 rectam
288 3337 320 3346 -
344 3306 413 3360 Edd.
432 3321 542 3359 manum
559 3320 636 3358 suant

169 3409 224 3462 qna
241 3392 395 3447 aberrasset

127 3477 150 3511 ⁸⁸
166 3477 200 3531 H.
219 3477 250 3531 L.
268 3476 305 3530 M.
323 3476 354 3529 P.
372 3476 404 3530 V.
422 3476 546 3532 annelare

171 3663 322 3717 ⁸¹V1ns1n.
340 3663 400 3716 Aen
427 3662 474 3716 VI.
493 3666 550 3716 821

713 2035 736 2068 ⁸⁸
752 2052 831 2090 ιαααι
849 2035 948 2101 adduc,
966 2037 1038 2106 quod
1057 2037 1222 2094 inomnibus

753 2120 829 2175 libris
856 2137 938 2176 manu
965 2122 1082 2178 exaratis
1114 2122 1222 2192 legitur,

756 2205 894 2274 ejecerunt
910 2206 1041 2275 impressi.

771 2289 801 2343 P.
816 2291 941 2360 ,mactari
955 2321 989 2329 —
1006 2291 1038 2343 A.
1058 2289 1224 2362 triumphari

771 2374 802 2427 P.
820 2374 927 2429 videbat

771 2459 801 2511 F.
812 2459 846 2511 Η.
861 2460 892 2512 L.
907 2458 1070 2512 P.V.-M.
1090 2460 1124 2513 st
1141 2461 1223 2514 etiam

753 2543 811 2598 Lic.
828 2573 863 2582 -
879 2545 912 2596 A.
930 2542 1010 2608 Quod
1025 2543 1084 2598 Lis.
1104 2573 1137 2584 -
1152 2543 1222 2598 Edd.

755 2626 834 2693 Quod
850 2634 876 2682 et
893 2627 951 2682 Lis.

714 2713 737 2745 ⁸⁰
753 2713 784 2766 L.
802 2713 943 2768 Accedant
957 2712 1107 2768 illae—H.
1117 2712 1222 2767 etEdd.

754 2797 893 2852 Accedant
910 2797 973 2852 illae

770 2883 971 2937 sacratissimae
980 2882 1056 2936 deest
1072 2881 1101 2935 in
1111 2882 1143 2934 A.
1153 2886 1181 2936 et
1189 2880 1222 2934 V.

771 2967 802 3020 L.
823 2967 953 3022 lacrimaee
969 2965 1034 3021 Dee.

715 3052 738 3085 ⁸²
755 3051 788 3104 F.
806 3051 837 3104 L.
855 3052 894 3106 M.
908 3056 1003 3122 polest

715 3137 739 3170 ⁸⁸
755 3137 787 3190 L.
806 3140 833 3191 st
850 3136 926 3191 editt.
944 3139 1042 3191 namet

774 3221 853 3275 Turr.
877 3227 904 3276 et
924 3220 1027 3275 Fratis.
1052 3221 1173 3277 Accedat
1190 3252 1223 3260 -

756 3306 787 3359 L.
806 3313 832 3361 et
849 3307 955 3362 accedit

714 3391 745 3457 ⁸³,
764 3392 787 3424 ⁸⁸
804 3391 837 3445 Ε.
856 3392 1021 3447 serenissimi
1040 3421 1074 3430 —
1102 3390 1134 3444 L.
1151 3405 1223 3444 seve-

754 3476 878 3531 rissimae

622 3661 644 3695 ⁸⁸
661 3663 760 3717 Limus
777 3661 811 3715 Π.
833 3665 871 3715 12.
890 3660 929 3715 Cf.
948 3661 1054 3715 Vanae.
1072 3659 1148 3713 Max.
1162 3659 1180 3713 l.
1197 3675 1224 3713 s.

102 3747 160 3801 cap.
182 3737 212 3786 12
231 3738 258 3786 et
274 3733 416 3785 Andronis
425 3730 623 3853 lilonvivinml.
643 3746 702 3796 c.,
705 3730 899 3797 ,.Muaiol
897 3748 914 3783 α
938 3745 988 3783 sna
1006 3744 1088 3782 mano
1100 3729 1223 3799 propria

103 3801 258 3866 incendere,
272 3797 462 3869 paradise
389 3798 462 3868 salla
464 3799 617 3854 toanearl
632 3798 711 3866 colpe
729 3798 845 3922 aliegat·

103 3872 197 3923 aneaf‘
287 3867 309 3900 ⁸¹
326 3867 427 3921 Lrvms
444 3866 517 3921 VIH.
536 3872 560 3922 9.
579 3867 626 3920 ΙΧ.
645 3871 686 3930 28,
705 3870 746 3920 29.
805 3866 823 3918 f.

869 3797 985 3852 liberare
1001 3795 1090 3851 Roma
1102 3801 1222 3865 pensato

841 3864 947 3919 Vanae.
971 3865 1048 3918 Max.
1073 3863 1090 3916 1.
1110 3880 1133 3918 c.
1157 3862 1178 3915 I.
1197 3868 1221 3916 3.

102 3935 134 3991 V.
153 3942 177 3991 6.
195 3935 242 3990 Nr.
261 3940 286 4000 5,
305 3939 328 3986 7.
363 3936 469 3989 Anenn.
492 3936 609 3991 Vrcror.
631 3935 648 3988 l.
673 3951 695 3989 c.
721 3949 779 4002 cap.
799 3938 839 3997 26,
859 3938 889 3987 27
915 3938 943 3988 et
964 3934 1106 3987 Ancroms
1125 3930 1221 3986 (lonvi-

102 4005 206 4059 viuml.
225 4020 247 4057 e
282 4000 485 4067 „catarracte
504 4003 631 4059 Decii..
652 4001 725 4061 ,αΙιι
736 3973 886 4075 pnserdla
869 4002 1025 4056 atloro
988 4003 1043 4055 vita
1058 4016 1111 4071 per
1129 4000 1156 4055 la
1168 4016 1223 4072 pa-

102 4074 182 4127 triaf‘
203 4070 347 4125 —Psrad
366 4071 412 4124 VI.
430 4076 461 4125 st

341 4222 431 4279 Ebler
448 4223 475 4278 la
490 4223 637 4295 famaede
650 4155 795 4279 moazi&
802 4196 886 4278 rnirro
