2910 4876
272 303 330 366 128
449 289 815 364 nuurrs‘rrourncrrm
833 310 881 364 ur.
901 311 930 364 o.
952 315 989 364 u.
1009 315 1070 376 (ιι.)
1093 317 1130 392 ¹3:
1150 317 1211 378 ur.)

269 480 533 547 differentialibus
557 481 765 565 descendunt;
795 484 900 566 Papa,
932 487 964 546 et
986 482 1176 567 Imperator,
1208 504 1304 566 quum
1327 486 1389 550 sint

220 602 252 652 oo
269 582 419 665 relativa,
443 583 551 649 reduci
566 585 729 651 habebunt
751 582 794 647 ad
809 583 941 665 aliquod
955 604 1050 649 unum
1072 585 1105 650 in
1128 607 1190 669 quo
1209 587 1388 669 reperiatur

268 684 337 768 ipse
360 692 523 768 respectus
551 685 827 771 superpositionis,
858 686 981 767 absque
1010 685 1274 753 differentialibus
1305 688 1387 753 aliis.

267 787 309 851 Et
331 787 391 853 hoc
413 788 473 854 erit
494 788 547 853 vel
569 787 639 872 ipse
662 788 765 870 Deus,
793 787 827 852 in
856 808 918 869 quo
946 794 1109 870 respectus
1132 790 1234 854 omnis
1262 790 1388 856 univer-

268 889 378 955 saliter
405 889 524 971 unitur;
560 890 613 954 vel
641 890 750 970 aliqua
778 889 955 954 substantia
983 889 1054 955 Deo
1083 890 1226 975 inferior,
1263 891 1298 955 in
1328 912 1390 974 qua

147 1028 155 1047 s
267 996 430 1073 respectus
453 990 725 1075 superpositione,
748 1011 806 1076 per
828 990 1041 1057 differentiam
1064 993 1345 1076 superpositionis
1368 1014 1388 1058 a

219 1097 251 1148 65
269 1091 406 1176 simplici
428 1098 573 1177 respectu
589 1092 795 1174 descendens,
818 1093 1032 1177 particuletur.
1069 1093 1111 1157 Et
1125 1094 1171 1159 sic
1186 1099 1284 1179 patet,
1304 1095 1390 1177 quod

266 1196 358 1278 Papa
380 1199 411 1261 et
434 1196 623 1278 Imperator,
648 1194 855 1277 inquantum
878 1194 1037 1277 homines,
1068 1195 1187 1261 habent
1208 1195 1320 1261 reduci
1348 1196 1398 1261 ad

266 1317 394 1380 unum3
418 1296 452 1361 in
475 1301 627 1378 quantum
649 1318 724 1364 vero
747 1297 838 1380 Papa
867 1301 899 1361 et
922 1297 1111 1380 Imperator,
1141 1296 1337 1363 adalind:
1361 1304 1412 1363 el:

267 1419 323 1482 per
344 1400 405 1465 hoc
426 1404 516 1483 patet
538 1397 580 1462 ad
602 1398 766 1464 rationem.

613 1624 620 1634 ¹
654 1634 1005 1720 [curuuxn1.(xn.)]

350 1779 469 1854 Positis
485 1794 517 1856 et
539 1791 677 1856 exclusis
693 1790 862 1873 erroribus,
887 1789 1001 1870 quibus
1017 1788 1183 1873 potissime
1205 1788 1400 1873 innituntur,

269 1890 324 1971 qui
351 1891 486 1956 Romani
514 1891 714 1976 Principatus
750 1892 973 1958 auctoritatem
1009 1888 1190 1974 dependere
1227 1889 1338 1955 dicunt
1373 1912 1393 1956 a

266 1991 409 2058 Romano
432 1991 592 2075 Pontifioe,
616 1992 813 2059 redeundum
836 1999 884 2060 est
906 1992 949 2057 ad
967 1990 1197 2058 ostendendum
1218 1992 1388 2059 veritatem

266 2093 361 2176 hujus
382 2093 496 2160 tertiae
520 2095 728 2177 quaestionis,
762 2113 843 2176 quae
866 2115 886 2159 a
908 2094 1063 2179 principio
1093 2092 1294 2160 discutienda
1318 2116 1383 2179 pro-

234 2227 248 2274 5
266 2195 456 2280 ponebatur:
480 2214 562 2277 quae
586 2197 716 2279 quidem
738 2196 857 2262 veritas
874 2196 1043 2280 apparebit
1059 2194 1259 2278 sufficienter,
1283 2197 1312 2262 si
1329 2199 1383 2263 sub

265 2297 408 2382 praefixo
430 2298 585 2383 principio
608 2297 806 2381 inquirendo,
832 2298 1010 2382 praefatam
1032 2298 1254 2363 auctoritatem
1276 2297 1383 2365 imme-

266 2397 352 2465 diate
376 2399 558 2483 dependere
580 2421 600 2465 a
624 2400 760 2466 culmine
781 2400 879 2465 totius
902 2400 983 2464 entis
1006 2398 1189 2478 ostendero,
1221 2400 1275 2481 qui
1298 2402 1386 2467 Deus

266 2506 322 2567 est.
366 2501 408 2566 Et
436 2503 496 2568 hoc
525 2503 584 2568 erit
606 2508 782 2585 ostensum,
813 2503 865 2567 rel
895 2501 923 2566 si
944 2500 1116 2566 auctoritas
1138 2501 1305 2568 Ecclesiae
1329 2524 1387 2569 re·
1442 2584 1445 2591 .

266 2607 477 2668 moveatur
499 2604 539 2669 ab
562 2603 635 2687 illa,
659 2623 755 2685 quum
778 2603 818 2669 de
841 2603 906 2668 alia
927 2623 990 2668 non
1013 2602 1054 2667 sit
1077 2602 1258 2685 altercatio,
1284 2604 1339 2671 vel
1362 2605 1390 2671 si

218 2719 249 2770 ro
268 2705 427 2770 ostensive
449 2706 657 2789 probetur,
681 2725 701 2768 a
723 2706 794 2772 Deo
816 2704 1000 2772 immediate
1024 2703 1213 2788 dependere.

348 2806 441 2887 Quod
456 2813 562 2873 autem
586 2807 756 2872 auctoritas
772 2807 937 2873 Ecclesiae
953 2827 1016 2872 nou
1038 2806 1080 2871 sit
1095 2825 1191 2871 causa
1204 2805 1393 2889 imperialis

291 3026 314 3058 ⁰⁰
330 3024 360 3078 P.
379 3024 507 3089 relativa,
525 3024 621 3079 reduci
633 3023 732 3080 baberet
851 3024 917 3094 Cap.
935 3025 1008 3078 XIII.
1047 3026 1063 3088 ¹,
1079 3024 1090 3056 ²
1107 3024 1140 3077 L.
1152 3023 1250 3094 quibus
1267 3027 1396 3082 azumitae

292 3110 313 3142 ⁰¹
332 3109 364 3162 F.
382 3111 539 3180 reperiatur
557 3108 589 3163 ill
918 3111 1034 3165 intuitur
1052 3109 1101 3179 qai
1117 3109 1223 3162 ratione
1236 3109 1332 3178 princ.

349 3193 380 3246 L.
405 3194 438 3246 M.
468 3193 498 3246 P.
526 3199 665 3265 respectas
696 3211 798 3266 suppa·
894 3193 953 3247 ⁴F.
972 3194 1109 3248 veritatem
1135 3194 1229 3247 tertiae
1252 3197 1397 3261 qaaestio-

331 3279 438 3332 sitioais
917 3280 960 3332 ais
978 3310 1011 3317 —
1033 3277 1064 3331 P.
1082 3279 1159 3332 verit.
1178 3275 1262 3347 bajas
1281 3287 1393 3348 quaest.

291 3364 322 3418 ⁶².
341 3364 364 3396 ⁰³
382 3362 415 3416 V.
428 3368 567 3432 respectas
584 3363 670 3416 amitis
687 3371 798 3417 aratura·
921 3395 948 3402 -
986 3365 1125 3416 veritatem
1162 3361 1334 3417 desideratur
1365 3366 1394 3421 iu

333 3447 394 3501 liter
411 3449 506 3500 canitur
917 3447 975 3502 cod.
994 3445 1027 3499 V.
1111 3518 1113 3522 ἱ

291 3533 314 3565 ⁶⁴
331 3532 365 3586 H.
384 3533 416 3586 L.
434 3532 471 3585 M.
489 3530 519 3584 P.
543 3533 570 3585 ia
588 3549 643 3602 qua
660 3539 798 3604 respectas
894 3532 911 3598 ⁵,
932 3532 942 3564 ⁶
960 3531 1142 3601 sufficienter,
1159 3530 1294 3602 praefixo
1307 3537 1394 3604 priu-

330 3617 528 3691 sappasitioois
916 3617 989 3688 cepio
1019 3646 1048 3655 —
1076 3616 1106 3668 P.
1131 3615 1194 3685 suff.
1218 3616 1269 3671 sab
1289 3621 1392 3691 praef.

346 3701 438 3755 Verba
447 3692 693 3772 per‘differeutiam
704 3718 799 3774 sapar-
911 3704 1003 3773 princ.
1014 3701 1091 3755 —M.
1110 3701 1174 3771 suff.
1184 3701 1211 3755 si
1226 3701 1277 3757 sao
1289 3705 1391 3775 praef.

325 3788 475 3859 positionis
492 3786 590 3840 desunt
612 3787 640 3840 in
672 3788 795 3842 omnibus
918 3786 1018 3841 iudicio

329 3870 415 3938 codd,
446 3872 494 3927 sed
519 3872 653 3926 habentur
677 3871 792 3932 invem.
892 3873 902 3903 ⁷
919 3871 957 3924 M.
977 3870 1126 3937 depraedare
1144 3888 1161 3924 a
1185 3869 1286 3924 tramine
1304 3875 1391 3928 totius

328 3956 426 4011 Ficiui.
892 3955 903 3987 ⁰
920 3958 952 4009 Α.
971 3971 1032 4010 eam
1051 3954 1084 4008 ria
1101 3954 1157 4009 alia
1175 3970 1229 4008 riou
1247 3957 1284 4009 sit
1301 3984 1336 3995 —
1355 3958 1389 4011 Η.

289 4041 312 4075 ⁶⁵
328 4041 388 4095 La
405 4042 523 4112 simplici
536 4043 625 4096 relata
635 4041 797 4096 descendens
916 4045 953 4095 ret
970 4038 1057 4093 versio
1075 4038 1171 4101 Ficini)
1196 4054 1256 4093 carn
1281 4039 1315 4094 de
1339 4042 1390 4096 illa

289 4126 312 4159 ⁶⁶
329 4125 367 4178 M.
387 4125 483 4181 debeat
500 4127 596 4182 reduci
612 4126 649 4180 ad
666 4142 750 4179 aarum
919 4139 945 4175 a.
965 4124 1001 4176 sit

290 4211 313 4244 ⁰⁸
329 4210 361 4263 L.
376 4227 430 4281 per
447 4209 498 4264 bac
509 4215 590 4281 patet
606 4211 709 4264 rationi
932 4207 962 4259 P.
983 4222 1037 4260 aaa
1055 4208 1091 4261 sit
1108 4206 1234 4263 alteratio
