<?xml version="1.0" encoding="UTF-8"?>
<!DOCTYPE html PUBLIC "-//W3C//DTD XHTML 1.0 Transitional//EN"
    "http://www.w3.org/TR/xhtml1/DTD/xhtml1-transitional.dtd">
<html xmlns="http://www.w3.org/1999/xhtml" xml:lang="en" lang="en">
 <head>
  <title>
</title>
<meta http-equiv="Content-Type" content="text/html;charset=utf-8" />
  <meta name='ocr-system' content='tesseract 3.04.00' />
  <meta name='ocr-capabilities' content='ocr_page ocr_carea ocr_par ocr_line ocrx_word'/>
</head>
<body>
  <div class='ocr_page' id='page_1' title='image "./dantisalligheri02wittgoog_0117.png"; bbox 0 0 2902 4874; ppageno 0'>
   <div class='ocr_carea' id='block_1_1' title="bbox 263 296 1128 367">
    <p class='ocr_par' dir='ltr' id='par_1_1' title="bbox 263 296 1128 367">
     <span class='ocr_line' id='line_1_1' title="bbox 263 296 1128 367; baseline -0.006 -10"><span class='ocrx_word' id='word_1_1' title='bbox 263 296 303 357; x_wconf 86' lang='lat'><strong>22</strong></span> <span class='ocrx_word' id='word_1_2' title='bbox 526 298 662 354; x_wconf 82' lang='lat' dir='ltr'><strong>DANTJS</strong></span> <span class='ocrx_word' id='word_1_3' title='bbox 680 298 900 354; x_wconf 72' lang='lat' dir='ltr'><strong>nonancuna</strong></span> <span class='ocrx_word' id='word_1_4' title='bbox 917 300 939 353; x_wconf 92' lang='lat'><strong>1.</strong></span> <span class='ocrx_word' id='word_1_5' title='bbox 957 299 987 354; x_wconf 91' lang='lat' dir='ltr'><strong>e.</strong></span> <span class='ocrx_word' id='word_1_6' title='bbox 1010 303 1048 354; x_wconf 83' lang='lat' dir='ltr'><strong>n.</strong></span> <span class='ocrx_word' id='word_1_7' title='bbox 1066 303 1128 367; x_wconf 77' lang='grc'><strong>(11).</strong></span> 
     </span>
    </p>
   </div>
   <div class='ocr_carea' id='block_1_2' title="bbox 209 469 1387 2183">
    <p class='ocr_par' dir='ltr' id='par_1_2' title="bbox 259 469 1387 557">
     <span class='ocr_line' id='line_1_2' title="bbox 259 469 1387 557; baseline 0.001 -19"><span class='ocrx_word' id='word_1_8' title='bbox 259 471 346 555; x_wconf 88' lang='lat' dir='ltr'><strong>qued</strong></span> <span class='ocrx_word' id='word_1_9' title='bbox 367 470 530 538; x_wconf 85' lang='lat' dir='ltr'><strong>sciendum</strong></span> <span class='ocrx_word' id='word_1_10' title='bbox 544 477 602 552; x_wconf 90' lang='lat' dir='ltr'><strong>est,</strong></span> <span class='ocrx_word' id='word_1_11' title='bbox 625 470 711 553; x_wconf 87' lang='lat' dir='ltr'><strong>quod</strong></span> <span class='ocrx_word' id='word_1_12' title='bbox 725 469 862 554; x_wconf 89' lang='lat' dir='ltr'><strong>primum</strong></span> <span class='ocrx_word' id='word_1_13' title='bbox 875 470 1066 557; x_wconf 78' lang='lat' dir='ltr'><strong>principium</strong></span> <span class='ocrx_word' id='word_1_14' title='bbox 1080 479 1208 539; x_wconf 86' lang='lat' dir='ltr'><strong>nestrae</strong></span> <span class='ocrx_word' id='word_1_15' title='bbox 1224 471 1387 539; x_wconf 82' lang='lat' dir='ltr'><strong>libertatis</strong></span> 
     </span>
    </p>

    <p class='ocr_par' dir='ltr' id='par_1_3' title="bbox 224 572 1386 760">
     <span class='ocr_line' id='line_1_3' title="bbox 258 572 1386 657; baseline -0.002 -16"><span class='ocrx_word' id='word_1_16' title='bbox 258 581 307 641; x_wconf 87' lang='lat' dir='ltr'><strong>est</strong></span> <span class='ocrx_word' id='word_1_17' title='bbox 328 574 462 639; x_wconf 86' lang='lat' dir='ltr'><strong>libertas</strong></span> <span class='ocrx_word' id='word_1_18' title='bbox 484 572 622 655; x_wconf 87' lang='lat' dir='ltr'><strong>arbitrii,</strong></span> <span class='ocrx_word' id='word_1_19' title='bbox 653 591 749 654; x_wconf 91' lang='lat' dir='ltr'><strong>qnam</strong></span> <span class='ocrx_word' id='word_1_20' title='bbox 770 572 862 636; x_wconf 89' lang='lat' dir='ltr'><strong>multi</strong></span> <span class='ocrx_word' id='word_1_21' title='bbox 884 574 1003 640; x_wconf 87' lang='lat' dir='ltr'><strong>habent</strong></span> <span class='ocrx_word' id='word_1_22' title='bbox 1024 573 1058 637; x_wconf 93' lang='lat' dir='ltr'><strong>in</strong></span> <span class='ocrx_word' id='word_1_23' title='bbox 1079 594 1149 657; x_wconf 85' lang='lat' dir='ltr'><strong>ure,</strong></span> <span class='ocrx_word' id='word_1_24' title='bbox 1172 574 1206 638; x_wconf 93' lang='grc'><strong>111</strong></span> <span class='ocrx_word' id='word_1_25' title='bbox 1219 574 1386 641; x_wconf 84' lang='lat' dir='ltr'><strong>intellectu</strong></span> 
     </span>
     <span class='ocr_line' id='line_1_4' title="bbox 224 673 1385 760; baseline 0.003 -20"><span class='ocrx_word' id='word_1_26' title='bbox 224 691 240 740; x_wconf 78' lang='lat'><strong>5</strong></span> <span class='ocrx_word' id='word_1_27' title='bbox 259 695 335 741; x_wconf 89' lang='lat' dir='ltr'><strong>vero</strong></span> <span class='ocrx_word' id='word_1_28' title='bbox 350 674 454 760; x_wconf 76' lang='lat' dir='ltr'><strong>pauci.</strong></span> <span class='ocrx_word' id='word_1_29' title='bbox 498 673 635 740; x_wconf 90' lang='lat' dir='ltr'><strong>Veniunt</strong></span> <span class='ocrx_word' id='word_1_30' title='bbox 649 692 786 755; x_wconf 89' lang='lat' dir='ltr'><strong>namque</strong></span> <span class='ocrx_word' id='word_1_31' title='bbox 801 694 902 756; x_wconf 91' lang='lat' dir='ltr'><strong>usque</strong></span> <span class='ocrx_word' id='word_1_32' title='bbox 917 673 1045 758; x_wconf 80' lang='lat' dir='ltr'><strong>adhue,</strong></span> <span class='ocrx_word' id='word_1_33' title='bbox 1068 680 1102 739; x_wconf 89' lang='lat' dir='ltr'><strong>ut</strong></span> <span class='ocrx_word' id='word_1_34' title='bbox 1124 674 1234 741; x_wconf 83' lang='lat' dir='ltr'><strong>dicant</strong></span> <span class='ocrx_word' id='word_1_35' title='bbox 1247 676 1385 744; x_wconf 86' lang='lat' dir='ltr'><strong>liberum</strong></span> 
     </span>
    </p>

    <p class='ocr_par' dir='ltr' id='par_1_4' title="bbox 258 774 1385 859">
     <span class='ocr_line' id='line_1_5' title="bbox 258 774 1385 859; baseline 0.001 -17"><span class='ocrx_word' id='word_1_36' title='bbox 258 777 423 842; x_wconf 84' lang='lat' dir='ltr'><strong>arbitrium</strong></span> <span class='ocrx_word' id='word_1_37' title='bbox 446 795 532 859; x_wconf 89' lang='lat' dir='ltr'><strong>esse,</strong></span> <span class='ocrx_word' id='word_1_38' title='bbox 561 775 698 841; x_wconf 90' lang='lat' dir='ltr'><strong>liberum</strong></span> <span class='ocrx_word' id='word_1_39' title='bbox 727 774 769 842; x_wconf 89' lang='lat' dir='ltr'><strong>de</strong></span> <span class='ocrx_word' id='word_1_40' title='bbox 797 777 962 843; x_wconf 85' lang='lat' dir='ltr'><strong>voluntate</strong></span> <span class='ocrx_word' id='word_1_41' title='bbox 989 775 1150 841; x_wconf 87' lang='lat' dir='ltr'><strong>iudieinm.</strong></span> <span class='ocrx_word' id='word_1_42' title='bbox 1201 777 1244 841; x_wconf 84' lang='lat' dir='ltr'><strong>Et</strong></span> <span class='ocrx_word' id='word_1_43' title='bbox 1273 798 1385 844; x_wconf 89' lang='lat' dir='ltr'><strong>verum</strong></span> 
     </span>
    </p>

    <p class='ocr_par' dir='ltr' id='par_1_5' title="bbox 258 877 1382 963">
     <span class='ocr_line' id='line_1_6' title="bbox 258 877 1382 963; baseline 0.002 -21"><span class='ocrx_word' id='word_1_44' title='bbox 258 878 380 961; x_wconf 73' lang='lat' dir='ltr'><strong>dieunt,</strong></span> <span class='ocrx_word' id='word_1_45' title='bbox 404 877 463 945; x_wconf 85' lang='lat' dir='ltr'><strong>sed</strong></span> <span class='ocrx_word' id='word_1_46' title='bbox 484 878 688 963; x_wconf 81' lang='lat' dir='ltr'>importatum</span> <span class='ocrx_word' id='word_1_47' title='bbox 709 897 767 962; x_wconf 87' lang='lat' dir='ltr'><strong>per</strong></span> <span class='ocrx_word' id='word_1_48' title='bbox 788 877 888 943; x_wconf 85' lang='lat' dir='ltr'><strong>verba</strong></span> <span class='ocrx_word' id='word_1_49' title='bbox 909 878 1069 959; x_wconf 82' lang='lat' dir='ltr'><strong>longeest</strong></span> <span class='ocrx_word' id='word_1_50' title='bbox 1090 879 1132 943; x_wconf 88' lang='lat' dir='ltr'><strong>ab</strong></span> <span class='ocrx_word' id='word_1_51' title='bbox 1148 878 1204 962; x_wconf 85' lang='lat' dir='ltr'><strong>eis,</strong></span> <span class='ocrx_word' id='word_1_52' title='bbox 1228 878 1382 960; x_wconf 87' lang='lat' dir='ltr'><strong>quemad-</strong></span> 
     </span>
    </p>

    <p class='ocr_par' dir='ltr' id='par_1_6' title="bbox 258 978 1383 1068">
     <span class='ocr_line' id='line_1_7' title="bbox 258 978 1383 1068; baseline -0.002 -20"><span class='ocrx_word' id='word_1_53' title='bbox 258 980 386 1048; x_wconf 86' lang='lat' dir='ltr'><strong>modum</strong></span> <span class='ocrx_word' id='word_1_54' title='bbox 408 985 477 1046; x_wconf 88' lang='lat' dir='ltr'><strong>tota</strong></span> <span class='ocrx_word' id='word_1_55' title='bbox 498 979 552 1046; x_wconf 87' lang='lat' dir='ltr'><strong>die</strong></span> <span class='ocrx_word' id='word_1_56' title='bbox 574 979 685 1060; x_wconf 84' lang='lat' dir='ltr'><strong>Logiei</strong></span> <span class='ocrx_word' id='word_1_57' title='bbox 706 978 806 1044; x_wconf 82' lang='lat' dir='ltr'><strong>nestri</strong></span> <span class='ocrx_word' id='word_1_58' title='bbox 827 979 946 1044; x_wconf 83' lang='lat' dir='ltr'><strong>faciunt</strong></span> <span class='ocrx_word' id='word_1_59' title='bbox 969 979 1010 1046; x_wconf 90' lang='lat' dir='ltr'><strong>de</strong></span> <span class='ocrx_word' id='word_1_60' title='bbox 1032 979 1224 1062; x_wconf 86' lang='lat' dir='ltr'><strong>quibusdam</strong></span> <span class='ocrx_word' id='word_1_61' title='bbox 1238 983 1383 1068; x_wconf 80' lang='lat' dir='ltr'><strong>propesi-</strong></span> 
     </span>
    </p>

    <p class='ocr_par' dir='ltr' id='par_1_7' title="bbox 209 1079 1384 1266">
     <span class='ocr_line' id='line_1_8' title="bbox 256 1079 1384 1169; baseline 0.003 -23"><span class='ocrx_word' id='word_1_62' title='bbox 256 1081 411 1164; x_wconf 82' lang='lat' dir='ltr'>tionibus,</span> <span class='ocrx_word' id='word_1_63' title='bbox 441 1101 523 1162; x_wconf 90' lang='lat' dir='ltr'><strong>quae</strong></span> <span class='ocrx_word' id='word_1_64' title='bbox 552 1080 595 1144; x_wconf 86' lang='lat' dir='ltr'><strong>ad</strong></span> <span class='ocrx_word' id='word_1_65' title='bbox 617 1079 799 1163; x_wconf 83' lang='lat' dir='ltr'><strong>exemplum</strong></span> <span class='ocrx_word' id='word_1_66' title='bbox 821 1082 1010 1164; x_wconf 79' lang='lat' dir='ltr'><strong>logicalibus</strong></span> <span class='ocrx_word' id='word_1_67' title='bbox 1032 1081 1277 1167; x_wconf 89' lang='lat' dir='ltr'><strong>interseruntur,</strong></span> <span class='ocrx_word' id='word_1_68' title='bbox 1305 1090 1384 1169; x_wconf 89' lang='lat' dir='ltr'><strong>puta</strong></span> 
     </span>
     <span class='ocr_line' id='line_1_9' title="bbox 209 1181 1266 1266; baseline 0.003 -18"><span class='ocrx_word' id='word_1_69' title='bbox 209 1200 240 1250; x_wconf 85' lang='grc' dir='ltr'><strong>ιο</strong></span> <span class='ocrx_word' id='word_1_70' title='bbox 259 1181 299 1250; x_wconf 88' lang='lat' dir='ltr'><strong>de</strong></span> <span class='ocrx_word' id='word_1_71' title='bbox 320 1183 396 1249; x_wconf 86' lang='lat' dir='ltr'><strong>hae:</strong></span> <span class='ocrx_word' id='word_1_72' title='bbox 419 1183 613 1264; x_wconf 78' lang='lat' dir='ltr'><strong>Triangulus</strong></span> <span class='ocrx_word' id='word_1_73' title='bbox 634 1182 732 1248; x_wconf 93' lang='lat' dir='ltr'><strong>habet</strong></span> <span class='ocrx_word' id='word_1_74' title='bbox 753 1189 818 1248; x_wconf 87' lang='lat' dir='ltr'><strong>tres</strong></span> <span class='ocrx_word' id='word_1_75' title='bbox 840 1181 965 1249; x_wconf 85' lang='lat' dir='ltr'><strong>duobus</strong></span> <span class='ocrx_word' id='word_1_76' title='bbox 986 1183 1081 1250; x_wconf 81' lang='lat' dir='ltr'><strong>rectis</strong></span> <span class='ocrx_word' id='word_1_77' title='bbox 1102 1185 1266 1266; x_wconf 79' lang='lat' dir='ltr'>aequales,</span> 
     </span>
    </p>

    <p class='ocr_par' dir='ltr' id='par_1_8' title="bbox 255 1282 1382 1675">
     <span class='ocr_line' id='line_1_10' title="bbox 341 1282 1382 1371; baseline 0.004 -23"><span class='ocrx_word' id='word_1_78' title='bbox 341 1284 383 1348; x_wconf 86' lang='lat' dir='ltr'><strong>Et</strong></span> <span class='ocrx_word' id='word_1_79' title='bbox 404 1282 477 1351; x_wconf 82' lang='lat' dir='ltr'><strong>idea</strong></span> <span class='ocrx_word' id='word_1_80' title='bbox 494 1284 574 1368; x_wconf 86' lang='lat' dir='ltr'><strong>dieo,</strong></span> <span class='ocrx_word' id='word_1_81' title='bbox 591 1283 677 1366; x_wconf 86' lang='lat' dir='ltr'><strong>qued</strong></span> <span class='ocrx_word' id='word_1_82' title='bbox 691 1282 888 1350; x_wconf 81' lang='lat' dir='ltr'><strong>iudicium</strong></span> <span class='ocrx_word' id='word_1_83' title='bbox 902 1285 1042 1352; x_wconf 86' lang='lat' dir='ltr'><strong>medium</strong></span> <span class='ocrx_word' id='word_1_84' title='bbox 1057 1291 1107 1353; x_wconf 87' lang='lat' dir='ltr'><strong>est</strong></span> <span class='ocrx_word' id='word_1_85' title='bbox 1118 1286 1382 1371; x_wconf 79' lang='lat' dir='ltr'><strong>apprehensionis</strong></span> 
     </span>
     <span class='ocr_line' id='line_1_11' title="bbox 256 1385 1381 1472; baseline 0.002 -20"><span class='ocrx_word' id='word_1_86' title='bbox 256 1392 289 1453; x_wconf 91' lang='lat' dir='ltr'><strong>et</strong></span> <span class='ocrx_word' id='word_1_87' title='bbox 303 1385 479 1470; x_wconf 75' lang='lat' dir='ltr'><strong>appetitus,</strong></span> <span class='ocrx_word' id='word_1_88' title='bbox 496 1405 570 1450; x_wconf 85' lang='lat' dir='ltr'><strong>nam</strong></span> <span class='ocrx_word' id='word_1_89' title='bbox 584 1386 686 1470; x_wconf 85' lang='lat' dir='ltr'><strong>primu</strong></span> <span class='ocrx_word' id='word_1_90' title='bbox 702 1405 753 1451; x_wconf 92' lang='lat' dir='ltr'><strong>res</strong></span> <span class='ocrx_word' id='word_1_91' title='bbox 768 1386 1027 1470; x_wconf 78' lang='lat' dir='ltr'><strong>apprehenditur,</strong></span> <span class='ocrx_word' id='word_1_92' title='bbox 1043 1386 1160 1455; x_wconf 89' lang='lat' dir='ltr'><strong>deinde</strong></span> <span class='ocrx_word' id='word_1_93' title='bbox 1169 1387 1381 1472; x_wconf 88' lang='lat' dir='ltr'><strong>apprehensa,</strong></span> 
     </span>
     <span class='ocr_line' id='line_1_12' title="bbox 257 1485 1382 1574; baseline 0.004 -21"><span class='ocrx_word' id='word_1_94' title='bbox 257 1488 341 1554; x_wconf 86' lang='lat' dir='ltr'><strong>bena</strong></span> <span class='ocrx_word' id='word_1_95' title='bbox 362 1487 416 1553; x_wconf 81' lang='lat' dir='ltr'><strong>vel</strong></span> <span class='ocrx_word' id='word_1_96' title='bbox 437 1487 524 1551; x_wconf 91' lang='lat' dir='ltr'><strong>mala</strong></span> <span class='ocrx_word' id='word_1_97' title='bbox 545 1485 713 1570; x_wconf 79' lang='lat' dir='ltr'><strong>iudicatur,</strong></span> <span class='ocrx_word' id='word_1_98' title='bbox 737 1492 770 1552; x_wconf 87' lang='lat' dir='ltr'><strong>et</strong></span> <span class='ocrx_word' id='word_1_99' title='bbox 791 1488 903 1554; x_wconf 90' lang='lat' dir='ltr'><strong>ultimo</strong></span> <span class='ocrx_word' id='word_1_100' title='bbox 924 1487 1070 1555; x_wconf 81' lang='lat' dir='ltr'><strong>iudicans</strong></span> <span class='ocrx_word' id='word_1_101' title='bbox 1083 1489 1297 1574; x_wconf 83' lang='lat' dir='ltr'><strong>prosequitur,</strong></span> <span class='ocrx_word' id='word_1_102' title='bbox 1314 1491 1382 1557; x_wconf 89' lang='lat' dir='ltr'><strong>sive</strong></span> 
     </span>
     <span class='ocr_line' id='line_1_13' title="bbox 255 1586 1381 1675; baseline 0.004 -21"><span class='ocrx_word' id='word_1_103' title='bbox 255 1589 346 1671; x_wconf 81' lang='lat' dir='ltr'><strong>fugit.</strong></span> <span class='ocrx_word' id='word_1_104' title='bbox 391 1587 427 1654; x_wconf 87' lang='lat' dir='ltr'><strong>Si</strong></span> <span class='ocrx_word' id='word_1_105' title='bbox 449 1605 524 1668; x_wconf 81' lang='lat' dir='ltr'><strong>ergo</strong></span> <span class='ocrx_word' id='word_1_106' title='bbox 546 1586 699 1653; x_wconf 87' lang='lat' dir='ltr'><strong>iudieium</strong></span> <span class='ocrx_word' id='word_1_107' title='bbox 720 1594 849 1655; x_wconf 85' lang='lat' dir='ltr'><strong>moveat</strong></span> <span class='ocrx_word' id='word_1_108' title='bbox 879 1590 1006 1656; x_wconf 81' lang='lat' dir='ltr'><strong>omnino</strong></span> <span class='ocrx_word' id='word_1_109' title='bbox 1029 1589 1217 1675; x_wconf 86' lang='lat' dir='ltr'><strong>appetitum,</strong></span> <span class='ocrx_word' id='word_1_110' title='bbox 1239 1597 1272 1658; x_wconf 90' lang='lat' dir='ltr'><strong>et</strong></span> <span class='ocrx_word' id='word_1_111' title='bbox 1294 1593 1381 1659; x_wconf 87' lang='lat' dir='ltr'><strong>nullo</strong></span> 
     </span>
    </p>

    <p class='ocr_par' dir='ltr' id='par_1_9' title="bbox 209 1689 1382 2183">
     <span class='ocr_line' id='line_1_14' title="bbox 209 1689 1381 1779; baseline 0.001 -22"><span class='ocrx_word' id='word_1_112' title='bbox 209 1689 352 1759; x_wconf 72' lang='lat' dir='ltr'><strong>tamuda</strong></span> <span class='ocrx_word' id='word_1_113' title='bbox 374 1689 600 1773; x_wconf 83' lang='lat' dir='ltr'><strong>praeveniatur</strong></span> <span class='ocrx_word' id='word_1_114' title='bbox 620 1690 663 1755; x_wconf 89' lang='lat' dir='ltr'><strong>ab</strong></span> <span class='ocrx_word' id='word_1_115' title='bbox 685 1710 740 1774; x_wconf 87' lang='lat' dir='ltr'><strong>ee,</strong></span> <span class='ocrx_word' id='word_1_116' title='bbox 763 1691 898 1758; x_wconf 88' lang='lat' dir='ltr'><strong>liberum</strong></span> <span class='ocrx_word' id='word_1_117' title='bbox 920 1698 983 1774; x_wconf 81' lang='lat' dir='ltr'><strong>est3</strong></span> <span class='ocrx_word' id='word_1_118' title='bbox 1013 1691 1139 1757; x_wconf 81' lang='lat' dir='ltr'><strong>sivero</strong></span> <span class='ocrx_word' id='word_1_119' title='bbox 1162 1695 1203 1759; x_wconf 90' lang='lat' dir='ltr'><strong>ab</strong></span> <span class='ocrx_word' id='word_1_120' title='bbox 1226 1694 1381 1779; x_wconf 84' lang='lat' dir='ltr'><strong>appetitu,</strong></span> 
     </span>
     <span class='ocr_line' id='line_1_15' title="bbox 257 1791 1382 1878; baseline 0.005 -23"><span class='ocrx_word' id='word_1_121' title='bbox 257 1811 443 1874; x_wconf 79' lang='lat' dir='ltr'><strong>quoeunque</strong></span> <span class='ocrx_word' id='word_1_122' title='bbox 464 1791 560 1859; x_wconf 84' lang='lat' dir='ltr'><strong>modu</strong></span> <span class='ocrx_word' id='word_1_123' title='bbox 588 1792 832 1875; x_wconf 87' lang='lat' dir='ltr'><strong>praeveniente,</strong></span> <span class='ocrx_word' id='word_1_124' title='bbox 864 1791 1017 1858; x_wconf 84' lang='lat' dir='ltr'><strong>iudicium</strong></span> <span class='ocrx_word' id='word_1_125' title='bbox 1038 1799 1218 1878; x_wconf 83' lang='lat' dir='ltr'><strong>moveatur,</strong></span> <span class='ocrx_word' id='word_1_126' title='bbox 1245 1796 1382 1863; x_wconf 88' lang='lat' dir='ltr'><strong>liberum</strong></span> 
     </span>
     <span class='ocr_line' id='line_1_16' title="bbox 256 1893 1379 1981; baseline 0.006 -23"><span class='ocrx_word' id='word_1_127' title='bbox 256 1912 405 1959; x_wconf 82' lang='lat' dir='ltr'><strong>essenon</strong></span> <span class='ocrx_word' id='word_1_128' title='bbox 426 1898 544 1977; x_wconf 87' lang='lat' dir='ltr'><strong>petest,</strong></span> <span class='ocrx_word' id='word_1_129' title='bbox 567 1893 643 1974; x_wconf 91' lang='lat' dir='ltr'><strong>quia</strong></span> <span class='ocrx_word' id='word_1_130' title='bbox 664 1914 728 1960; x_wconf 83' lang='lat' dir='ltr'><strong>non</strong></span> <span class='ocrx_word' id='word_1_131' title='bbox 742 1914 763 1959; x_wconf 92' lang='lat' dir='ltr'><strong>a</strong></span> <span class='ocrx_word' id='word_1_132' title='bbox 777 1914 821 1977; x_wconf 89' lang='lat' dir='ltr'><strong>se,</strong></span> <span class='ocrx_word' id='word_1_133' title='bbox 844 1893 903 1960; x_wconf 86' lang='lat' dir='ltr'><strong>sed</strong></span> <span class='ocrx_word' id='word_1_134' title='bbox 919 1894 961 1959; x_wconf 89' lang='lat' dir='ltr'><strong>ab</strong></span> <span class='ocrx_word' id='word_1_135' title='bbox 976 1895 1041 1961; x_wconf 85' lang='lat' dir='ltr'><strong>aliu</strong></span> <span class='ocrx_word' id='word_1_136' title='bbox 1058 1895 1219 1981; x_wconf 78' lang='lat' dir='ltr'><strong>captivum</strong></span> <span class='ocrx_word' id='word_1_137' title='bbox 1234 1899 1379 1964; x_wconf 85' lang='lat' dir='ltr'><strong>trahitur.</strong></span> 
     </span>
     <span class='ocr_line' id='line_1_17' title="bbox 257 1993 1380 2084; baseline 0.007 -26"><span class='ocrx_word' id='word_1_138' title='bbox 257 1994 300 2058; x_wconf 83' lang='lat' dir='ltr'><strong>Et</strong></span> <span class='ocrx_word' id='word_1_139' title='bbox 320 1994 396 2060; x_wconf 87' lang='lat' dir='ltr'><strong>hine</strong></span> <span class='ocrx_word' id='word_1_140' title='bbox 417 2000 475 2078; x_wconf 88' lang='lat' dir='ltr'><strong>est,</strong></span> <span class='ocrx_word' id='word_1_141' title='bbox 491 1993 578 2075; x_wconf 90' lang='lat' dir='ltr'><strong>quod</strong></span> <span class='ocrx_word' id='word_1_142' title='bbox 600 1995 694 2060; x_wconf 87' lang='lat' dir='ltr'><strong>bruta</strong></span> <span class='ocrx_word' id='word_1_143' title='bbox 708 1994 859 2061; x_wconf 81' lang='lat' dir='ltr'><strong>iudicium</strong></span> <span class='ocrx_word' id='word_1_144' title='bbox 874 1994 1009 2062; x_wconf 90' lang='lat' dir='ltr'><strong>liberum</strong></span> <span class='ocrx_word' id='word_1_145' title='bbox 1023 1996 1143 2063; x_wconf 86' lang='lat' dir='ltr'><strong>habere</strong></span> <span class='ocrx_word' id='word_1_146' title='bbox 1158 2018 1222 2064; x_wconf 87' lang='lat' dir='ltr'><strong>nen</strong></span> <span class='ocrx_word' id='word_1_147' title='bbox 1237 2007 1380 2084; x_wconf 79' lang='lat' dir='ltr'><strong>possunt,</strong></span> 
     </span>
     <span class='ocr_line' id='line_1_18' title="bbox 257 2094 1381 2183; baseline 0.005 -21"><span class='ocrx_word' id='word_1_148' title='bbox 257 2095 333 2179; x_wconf 89' lang='lat' dir='ltr'><strong>quia</strong></span> <span class='ocrx_word' id='word_1_149' title='bbox 355 2116 463 2163; x_wconf 85' lang='lat' dir='ltr'><strong>eorum</strong></span> <span class='ocrx_word' id='word_1_150' title='bbox 485 2094 604 2162; x_wconf 86' lang='lat' dir='ltr'><strong>iudicia</strong></span> <span class='ocrx_word' id='word_1_151' title='bbox 627 2116 753 2181; x_wconf 88' lang='lat' dir='ltr'><strong>semper</strong></span> <span class='ocrx_word' id='word_1_152' title='bbox 777 2098 922 2183; x_wconf 88' lang='lat' dir='ltr'><strong>appetitu</strong></span> <span class='ocrx_word' id='word_1_153' title='bbox 943 2099 1198 2181; x_wconf 83' lang='lat' dir='ltr'><strong>praeveniuntur.</strong></span> <span class='ocrx_word' id='word_1_154' title='bbox 1243 2100 1287 2167; x_wconf 85' lang='lat' dir='ltr'><strong>Et</strong></span> <span class='ocrx_word' id='word_1_155' title='bbox 1308 2101 1381 2168; x_wconf 91' lang='lat' dir='ltr'><strong>hine</strong></span> 
     </span>
    </p>
   </div>
   <div class='ocr_carea' id='block_1_3' title="bbox 280 2347 1381 3014">
    <p class='ocr_par' dir='ltr' id='par_1_10' title="bbox 280 2347 1381 3014">
     <span class='ocr_line' id='line_1_19' title="bbox 291 2347 1220 2417; baseline 0.002 -14"><span class='ocrx_word' id='word_1_156' title='bbox 291 2350 302 2382; x_wconf 82' lang='grc'><strong>1</strong></span> <span class='ocrx_word' id='word_1_157' title='bbox 319 2353 360 2403; x_wconf 81' lang='lat' dir='ltr'><strong>est</strong></span> <span class='ocrx_word' id='word_1_158' title='bbox 376 2351 438 2417; x_wconf 88' lang='lat' dir='ltr'><strong>post</strong></span> <span class='ocrx_word' id='word_1_159' title='bbox 459 2347 597 2402; x_wconf 80' lang='lat' dir='ltr'><strong>sciendum</strong></span> <span class='ocrx_word' id='word_1_160' title='bbox 615 2347 692 2403; x_wconf 85' lang='lat' dir='ltr'><strong>deest</strong></span> <span class='ocrx_word' id='word_1_161' title='bbox 707 2349 736 2402; x_wconf 92' lang='lat' dir='ltr'><strong>iu</strong></span> <span class='ocrx_word' id='word_1_162' title='bbox 754 2349 788 2403; x_wconf 87' lang='lat' dir='ltr'><strong>F.</strong></span> <span class='ocrx_word' id='word_1_163' title='bbox 868 2349 891 2381; x_wconf 86' lang='lat'><strong>¹³</strong></span> <span class='ocrx_word' id='word_1_164' title='bbox 908 2349 975 2402; x_wconf 79' lang='lat' dir='ltr'><strong>Edu.</strong></span> <span class='ocrx_word' id='word_1_165' title='bbox 994 2350 1065 2405; x_wconf 79' lang='lat' dir='ltr'><strong>bona</strong></span> <span class='ocrx_word' id='word_1_166' title='bbox 1081 2358 1131 2404; x_wconf 81' lang='lat' dir='ltr'><strong>aut</strong></span> <span class='ocrx_word' id='word_1_167' title='bbox 1147 2351 1220 2405; x_wconf 81' lang='lat' dir='ltr'><strong>mala</strong></span> 
     </span>
     <span class='ocr_line' id='line_1_20' title="bbox 320 2432 1378 2499; baseline 0.004 -11"><span class='ocrx_word' id='word_1_168' title='bbox 320 2434 354 2488; x_wconf 90' lang='lat' dir='ltr'><strong>H.</strong></span> <span class='ocrx_word' id='word_1_169' title='bbox 372 2432 403 2485; x_wconf 91' lang='lat' dir='ltr'><strong>P.</strong></span> <span class='ocrx_word' id='word_1_170' title='bbox 422 2432 494 2486; x_wconf 88' lang='lat' dir='ltr'><strong>etin</strong></span> <span class='ocrx_word' id='word_1_171' title='bbox 512 2432 571 2486; x_wconf 89' lang='lat' dir='ltr'><strong>edd.</strong></span> <span class='ocrx_word' id='word_1_172' title='bbox 921 2432 992 2487; x_wconf 82' lang='lat' dir='ltr'><strong>Edd.</strong></span> <span class='ocrx_word' id='word_1_173' title='bbox 1010 2434 1120 2499; x_wconf 85' lang='lat' dir='ltr'><strong>rectius,</strong></span> <span class='ocrx_word' id='word_1_174' title='bbox 1138 2439 1185 2490; x_wconf 88' lang='lat' dir='ltr'><strong>sed</strong></span> <span class='ocrx_word' id='word_1_175' title='bbox 1194 2441 1291 2491; x_wconf 86' lang='lat' dir='ltr'><strong>contra</strong></span> <span class='ocrx_word' id='word_1_176' title='bbox 1302 2437 1378 2492; x_wconf 83' lang='lat' dir='ltr'><strong>codd.</strong></span> 
     </span>
     <span class='ocr_line' id='line_1_21' title="bbox 291 2517 1381 2594; baseline 0.006 -23"><span class='ocrx_word' id='word_1_177' title='bbox 291 2520 352 2572; x_wconf 75' lang='lat' dir='ltr'><strong>⁵A.</strong></span> <span class='ocrx_word' id='word_1_178' title='bbox 377 2519 488 2572; x_wconf 80' lang='lat' dir='ltr'><strong>veniunt</strong></span> <span class='ocrx_word' id='word_1_179' title='bbox 511 2535 597 2588; x_wconf 80' lang='lat' dir='ltr'><strong>usque</strong></span> <span class='ocrx_word' id='word_1_180' title='bbox 621 2518 659 2572; x_wconf 83' lang='lat' dir='ltr'><strong>ad</strong></span> <span class='ocrx_word' id='word_1_181' title='bbox 680 2517 732 2574; x_wconf 75' lang='lat' dir='ltr'><strong>hoc</strong></span> <span class='ocrx_word' id='word_1_182' title='bbox 754 2548 788 2557; x_wconf 94' lang='lat'>—</span> <span class='ocrx_word' id='word_1_183' title='bbox 907 2519 1096 2573; x_wconf 82' lang='lat' dir='ltr'><strong>auctoritatem</strong></span> <span class='ocrx_word' id='word_1_184' title='bbox 1104 2523 1381 2594; x_wconf 77' lang='lat' dir='ltr'><strong>prosequ.autfupit</strong></span> 
     </span>
     <span class='ocr_line' id='line_1_22' title="bbox 320 2603 1342 2676; baseline 0.002 -18"><span class='ocrx_word' id='word_1_185' title='bbox 320 2605 352 2658; x_wconf 88' lang='lat' dir='ltr'><strong>F.</strong></span> <span class='ocrx_word' id='word_1_186' title='bbox 370 2620 426 2658; x_wconf 77' lang='lat' dir='ltr'><strong>ven.</strong></span> <span class='ocrx_word' id='word_1_187' title='bbox 445 2620 562 2674; x_wconf 83' lang='lat' dir='ltr'><strong>namque</strong></span> <span class='ocrx_word' id='word_1_188' title='bbox 579 2603 685 2659; x_wconf 77' lang='lat' dir='ltr'><strong>adhoc</strong></span> <span class='ocrx_word' id='word_1_189' title='bbox 868 2604 889 2635; x_wconf 75' lang='grc'><strong>11</strong></span> <span class='ocrx_word' id='word_1_190' title='bbox 907 2605 940 2656; x_wconf 89' lang='lat' dir='ltr'><strong>A.</strong></span> <span class='ocrx_word' id='word_1_191' title='bbox 959 2609 1064 2658; x_wconf 80' lang='lat' dir='ltr'><strong>moueat</strong></span> <span class='ocrx_word' id='word_1_192' title='bbox 1080 2606 1170 2659; x_wconf 70' lang='lat' dir='ltr'><strong>atriano</strong></span> <span class='ocrx_word' id='word_1_193' title='bbox 1188 2606 1342 2676; x_wconf 79' lang='lat' dir='ltr'><strong>appetitum</strong></span> 
     </span>
     <span class='ocr_line' id='line_1_23' title="bbox 287 2688 1203 2760; baseline 0.002 -19"><span class='ocrx_word' id='word_1_194' title='bbox 287 2688 348 2741; x_wconf 77' lang='lat' dir='ltr'><strong>⁹F.</strong></span> <span class='ocrx_word' id='word_1_195' title='bbox 376 2688 538 2759; x_wconf 76' lang='lat' dir='ltr'><strong>lopicalibus</strong></span> <span class='ocrx_word' id='word_1_196' title='bbox 564 2691 729 2744; x_wconf 83' lang='lat' dir='ltr'><strong>interserunt</strong></span> <span class='ocrx_word' id='word_1_197' title='bbox 757 2719 787 2728; x_wconf 91' lang='lat'>-</span> <span class='ocrx_word' id='word_1_198' title='bbox 869 2690 891 2720; x_wconf 78' lang='lat'><strong>¹⁵</strong></span> <span class='ocrx_word' id='word_1_199' title='bbox 907 2689 939 2741; x_wconf 86' lang='lat' dir='ltr'><strong>A.</strong></span> <span class='ocrx_word' id='word_1_200' title='bbox 957 2690 1061 2742; x_wconf 80' lang='lat' dir='ltr'><strong>sivero</strong></span> <span class='ocrx_word' id='word_1_201' title='bbox 1078 2692 1203 2760; x_wconf 80' lang='lat' dir='ltr'><strong>appetitu</strong></span> 
     </span>
     <span class='ocr_line' id='line_1_24' title="bbox 319 2771 1294 2846; baseline -0.001 -19"><span class='ocrx_word' id='word_1_202' title='bbox 319 2773 351 2827; x_wconf 89' lang='lat' dir='ltr'><strong>L.</strong></span> <span class='ocrx_word' id='word_1_203' title='bbox 370 2773 424 2844; x_wconf 75' lang='lat' dir='ltr'><strong>lap.</strong></span> <span class='ocrx_word' id='word_1_204' title='bbox 442 2775 603 2844; x_wconf 74' lang='lat' dir='ltr'><strong>inferantur</strong></span> <span class='ocrx_word' id='word_1_205' title='bbox 870 2774 891 2805; x_wconf 88' lang='lat'><strong>¹⁷</strong></span> <span class='ocrx_word' id='word_1_206' title='bbox 907 2771 938 2826; x_wconf 91' lang='lat' dir='ltr'><strong>P.</strong></span> <span class='ocrx_word' id='word_1_207' title='bbox 957 2773 991 2828; x_wconf 84' lang='lat' dir='ltr'><strong>ab</strong></span> <span class='ocrx_word' id='word_1_208' title='bbox 1009 2773 1064 2828; x_wconf 78' lang='lat' dir='ltr'><strong>alio</strong></span> <span class='ocrx_word' id='word_1_209' title='bbox 1081 2777 1205 2846; x_wconf 80' lang='lat' dir='ltr'><strong>captivas</strong></span> <span class='ocrx_word' id='word_1_210' title='bbox 1223 2775 1294 2830; x_wconf 78' lang='lat' dir='ltr'><strong>trah.</strong></span> 
     </span>
     <span class='ocr_line' id='line_1_25' title="bbox 280 2857 1379 2934; baseline 0.005 -22"><span class='ocrx_word' id='word_1_211' title='bbox 280 2860 302 2892; x_wconf 87' lang='lat'><strong>¹⁰</strong></span> <span class='ocrx_word' id='word_1_212' title='bbox 317 2857 386 2912; x_wconf 86' lang='lat' dir='ltr'><strong>Edd.</strong></span> <span class='ocrx_word' id='word_1_213' title='bbox 405 2863 519 2913; x_wconf 85' lang='lat' dir='ltr'><strong>recentt.</strong></span> <span class='ocrx_word' id='word_1_214' title='bbox 531 2863 594 2926; x_wconf 89' lang='lat' dir='ltr'><strong>post</strong></span> <span class='ocrx_word' id='word_1_215' title='bbox 604 2864 658 2912; x_wconf 86' lang='lat' dir='ltr'><strong>tres</strong></span> <span class='ocrx_word' id='word_1_216' title='bbox 666 2858 791 2914; x_wconf 87' lang='lat' dir='ltr'><strong>inserunt</strong></span> <span class='ocrx_word' id='word_1_217' title='bbox 871 2857 892 2890; x_wconf 81' lang='lat'><strong>¹⁹</strong></span> <span class='ocrx_word' id='word_1_218' title='bbox 909 2857 942 2910; x_wconf 84' lang='lat' dir='ltr'><strong>A.</strong></span> <span class='ocrx_word' id='word_1_219' title='bbox 961 2857 995 2912; x_wconf 77' lang='lat' dir='ltr'><strong>ab</strong></span> <span class='ocrx_word' id='word_1_220' title='bbox 1006 2859 1107 2928; x_wconf 78' lang='lat' dir='ltr'><strong>impeta</strong></span> <span class='ocrx_word' id='word_1_221' title='bbox 1116 2890 1149 2898; x_wconf 93' lang='lat'>-</span> <span class='ocrx_word' id='word_1_222' title='bbox 1158 2859 1197 2913; x_wconf 88' lang='lat' dir='ltr'><strong>M.</strong></span> <span class='ocrx_word' id='word_1_223' title='bbox 1210 2861 1244 2916; x_wconf 77' lang='lat' dir='ltr'><strong>ab</strong></span> <span class='ocrx_word' id='word_1_224' title='bbox 1255 2864 1379 2934; x_wconf 76' lang='lat' dir='ltr'><strong>appetitu</strong></span> 
     </span>
     <span class='ocr_line' id='line_1_26' title="bbox 319 2942 436 3014; baseline 0 -17"><span class='ocrx_word' id='word_1_225' title='bbox 319 2942 436 3014; x_wconf 74' lang='lat' dir='ltr'><strong>aepulas</strong></span> 
     </span>
    </p>
   </div>
   <div class='ocr_carea' id='block_1_4' title="bbox 251 3127 1379 4040">
    <p class='ocr_par' dir='ltr' id='par_1_11' title="bbox 251 3127 1379 3660">
     <span class='ocr_line' id='line_1_27' title="bbox 320 3127 1379 3197; baseline -0.001 -13"><span class='ocrx_word' id='word_1_226' title='bbox 320 3127 393 3197; x_wconf 77' lang='lat' dir='ltr'><strong>Gap.</strong></span> <span class='ocrx_word' id='word_1_227' title='bbox 409 3127 484 3182; x_wconf 86' lang='lat' dir='ltr'><strong>XII.</strong></span> <span class='ocrx_word' id='word_1_228' title='bbox 506 3130 527 3161; x_wconf 87' lang='lat'><strong>¹⁰</strong></span> <span class='ocrx_word' id='word_1_229' title='bbox 545 3128 586 3182; x_wconf 87' lang='lat' dir='ltr'><strong>cf.</strong></span> <span class='ocrx_word' id='word_1_230' title='bbox 605 3128 799 3182; x_wconf 80' lang='lat' dir='ltr'><strong>Amsuonnnus</strong></span> <span class='ocrx_word' id='word_1_231' title='bbox 816 3127 916 3195; x_wconf 83' lang='lat' dir='ltr'><strong>Magna</strong></span> <span class='ocrx_word' id='word_1_232' title='bbox 932 3129 1044 3182; x_wconf 84' lang='lat' dir='ltr'><strong>moralia</strong></span> <span class='ocrx_word' id='word_1_233' title='bbox 1053 3129 1074 3181; x_wconf 93' lang='lat'><strong>1.</strong></span> <span class='ocrx_word' id='word_1_234' title='bbox 1088 3135 1108 3182; x_wconf 93' lang='lat'><strong>1.</strong></span> <span class='ocrx_word' id='word_1_235' title='bbox 1119 3128 1162 3183; x_wconf 91' lang='lat' dir='ltr'><strong>fin.</strong></span> <span class='ocrx_word' id='word_1_236' title='bbox 1171 3145 1240 3185; x_wconf 86' lang='lat' dir='ltr'><strong>vers.</strong></span> <span class='ocrx_word' id='word_1_237' title='bbox 1264 3128 1379 3183; x_wconf 74' lang='grc' dir='ltr'><em>Ἄτοπον</em></span> 
     </span>
     <span class='ocr_line' id='line_1_28' title="bbox 252 3193 1378 3267; baseline 0.004 -20"><span class='ocrx_word' id='word_1_238' title='bbox 252 3195 315 3264; x_wconf 83' lang='grc' dir='ltr'><strong>γὰρ,</strong></span> <span class='ocrx_word' id='word_1_239' title='bbox 326 3193 400 3252; x_wconf 77' lang='grc' dir='ltr'><strong><em>εἴτις</em></strong></span> <span class='ocrx_word' id='word_1_240' title='bbox 410 3193 574 3265; x_wconf 76' lang='grc' dir='ltr'><em>βουλόμενος</em></span> <span class='ocrx_word' id='word_1_241' title='bbox 586 3196 617 3247; x_wconf 86' lang='grc' dir='ltr'><strong>τὸ</strong></span> <span class='ocrx_word' id='word_1_242' title='bbox 629 3196 773 3263; x_wconf 83' lang='grc' dir='ltr'><em>τρίγωνον,</em></span> <span class='ocrx_word' id='word_1_243' title='bbox 786 3193 822 3252; x_wconf 77' lang='grc' dir='ltr'><strong>ὥς</strong></span> <span class='ocrx_word' id='word_1_244' title='bbox 835 3195 914 3247; x_wconf 75' lang='grc' dir='ltr'><em>δυσὶν</em></span> <span class='ocrx_word' id='word_1_245' title='bbox 925 3194 1024 3262; x_wconf 72' lang='grc' dir='ltr'><strong><em>ὀρθαῖς</em></strong></span> <span class='ocrx_word' id='word_1_246' title='bbox 1037 3194 1097 3254; x_wconf 77' lang='grc' dir='ltr'><strong><em>ἴσας</em></strong></span> <span class='ocrx_word' id='word_1_247' title='bbox 1108 3196 1172 3266; x_wconf 80' lang='grc' dir='ltr'><strong>ἕχον</strong></span> <span class='ocrx_word' id='word_1_248' title='bbox 1187 3199 1282 3259; x_wconf 74' lang='grc' dir='ltr'><em>δεῖξαι,</em></span> <span class='ocrx_word' id='word_1_249' title='bbox 1299 3201 1378 3267; x_wconf 69' lang='lat' dir='ltr'><strong>inflas</strong></span> 
     </span>
     <span class='ocr_line' id='line_1_29' title="bbox 253 3258 1377 3337; baseline 0.005 -21"><span class='ocrx_word' id='word_1_250' title='bbox 253 3258 343 3333; x_wconf 72' lang='grc' dir='ltr'><em>ἀρχὴν</em></span> <span class='ocrx_word' id='word_1_251' title='bbox 360 3259 404 3315; x_wconf 76' lang='grc' dir='ltr'><strong>ὅτι</strong></span> <span class='ocrx_word' id='word_1_252' title='bbox 421 3261 436 3326; x_wconf 75' lang='grc' dir='ltr'><em>ἡ</em></span> <span class='ocrx_word' id='word_1_253' title='bbox 456 3262 528 3332; x_wconf 75' lang='grc' dir='ltr'><strong>ψυχὴ</strong></span> <span class='ocrx_word' id='word_1_254' title='bbox 548 3260 697 3322; x_wconf 75' lang='grc' dir='ltr'><em>ἀθάνατος,</em></span> <span class='ocrx_word' id='word_1_255' title='bbox 718 3280 795 3332; x_wconf 81' lang='lat' dir='ltr'><strong>quem</strong></span> <span class='ocrx_word' id='word_1_256' title='bbox 811 3264 909 3328; x_wconf 87' lang='lat' dir='ltr'><strong>locum,</strong></span> <span class='ocrx_word' id='word_1_257' title='bbox 927 3280 1024 3332; x_wconf 81' lang='lat' dir='ltr'><strong>graece</strong></span> <span class='ocrx_word' id='word_1_258' title='bbox 1041 3280 1108 3320; x_wconf 89' lang='lat' dir='ltr'><strong>ame</strong></span> <span class='ocrx_word' id='word_1_259' title='bbox 1117 3266 1277 3333; x_wconf 84' lang='lat' dir='ltr'><strong>exhibitum,</strong></span> <span class='ocrx_word' id='word_1_260' title='bbox 1296 3284 1377 3337; x_wconf 86' lang='lat' dir='ltr'><strong>quum</strong></span> 
     </span>
     <span class='ocr_line' id='line_1_30' title="bbox 253 3330 1376 3400; baseline 0.004 -13"><span class='ocrx_word' id='word_1_261' title='bbox 253 3333 310 3387; x_wconf 85' lang='lat' dir='ltr'><strong>eius</strong></span> <span class='ocrx_word' id='word_1_262' title='bbox 333 3330 475 3393; x_wconf 82' lang='lat' dir='ltr'><strong>translatio</strong></span> <span class='ocrx_word' id='word_1_263' title='bbox 501 3331 600 3385; x_wconf 90' lang='lat' dir='ltr'><strong>Dantis</strong></span> <span class='ocrx_word' id='word_1_264' title='bbox 624 3337 745 3400; x_wconf 88' lang='lat' dir='ltr'><strong>tempore</strong></span> <span class='ocrx_word' id='word_1_265' title='bbox 769 3332 870 3386; x_wconf 86' lang='lat' dir='ltr'><strong>usitata</strong></span> <span class='ocrx_word' id='word_1_266' title='bbox 894 3348 948 3386; x_wconf 89' lang='lat' dir='ltr'><strong>non</strong></span> <span class='ocrx_word' id='word_1_267' title='bbox 973 3333 1010 3387; x_wconf 87' lang='lat' dir='ltr'><strong>sit</strong></span> <span class='ocrx_word' id='word_1_268' title='bbox 1025 3332 1061 3386; x_wconf 84' lang='lat' dir='ltr'><strong>ad</strong></span> <span class='ocrx_word' id='word_1_269' title='bbox 1084 3349 1196 3400; x_wconf 82' lang='lat' dir='ltr'><strong>manns,</strong></span> <span class='ocrx_word' id='word_1_270' title='bbox 1227 3335 1268 3389; x_wconf 87' lang='lat' dir='ltr'><strong>ita</strong></span> <span class='ocrx_word' id='word_1_271' title='bbox 1295 3337 1376 3391; x_wconf 86' lang='lat' dir='ltr'><strong>vertit</strong></span> 
     </span>
     <span class='ocr_line' id='line_1_31' title="bbox 252 3399 1376 3472; baseline 0.002 -16"><span class='ocrx_word' id='word_1_272' title='bbox 252 3401 395 3456; x_wconf 83' lang='lat' dir='ltr'><strong>Gnouarus</strong></span> <span class='ocrx_word' id='word_1_273' title='bbox 413 3400 525 3466; x_wconf 70' lang='lat' dir='ltr'><strong>Vanus,</strong></span> <span class='ocrx_word' id='word_1_274' title='bbox 550 3405 672 3454; x_wconf 89' lang='lat' dir='ltr'><strong>mortuus</strong></span> <span class='ocrx_word' id='word_1_275' title='bbox 695 3399 767 3454; x_wconf 81' lang='lat' dir='ltr'><strong>eirea</strong></span> <span class='ocrx_word' id='word_1_276' title='bbox 789 3414 851 3453; x_wconf 88' lang='lat' dir='ltr'><strong>ann.</strong></span> <span class='ocrx_word' id='word_1_277' title='bbox 879 3405 957 3454; x_wconf 72' lang='lat'>1500:</span> <span class='ocrx_word' id='word_1_278' title='bbox 987 3400 1160 3465; x_wconf 83' lang='lat' dir='ltr'><strong>„Absurdum</strong></span> <span class='ocrx_word' id='word_1_279' title='bbox 1177 3403 1278 3472; x_wconf 86' lang='lat' dir='ltr'><strong>quippe</strong></span> <span class='ocrx_word' id='word_1_280' title='bbox 1295 3403 1376 3458; x_wconf 89' lang='lat' dir='ltr'><strong>fuerit</strong></span> 
     </span>
     <span class='ocr_line' id='line_1_32' title="bbox 251 3466 1375 3542; baseline 0.003 -18"><span class='ocrx_word' id='word_1_281' title='bbox 251 3469 350 3524; x_wconf 87' lang='lat' dir='ltr'><strong>volenti</strong></span> <span class='ocrx_word' id='word_1_282' title='bbox 368 3468 510 3523; x_wconf 86' lang='lat' dir='ltr'><strong>estendere</strong></span> <span class='ocrx_word' id='word_1_283' title='bbox 526 3466 673 3536; x_wconf 81' lang='lat' dir='ltr'><strong>tringulum</strong></span> <span class='ocrx_word' id='word_1_284' title='bbox 687 3468 793 3522; x_wconf 87' lang='lat' dir='ltr'><strong>dnobus</strong></span> <span class='ocrx_word' id='word_1_285' title='bbox 806 3468 890 3522; x_wconf 85' lang='lat' dir='ltr'><strong>rectis</strong></span> <span class='ocrx_word' id='word_1_286' title='bbox 899 3469 1024 3537; x_wconf 86' lang='lat' dir='ltr'><strong>aequales</strong></span> <span class='ocrx_word' id='word_1_287' title='bbox 1035 3469 1137 3523; x_wconf 88' lang='lat' dir='ltr'><strong>habere</strong></span> <span class='ocrx_word' id='word_1_288' title='bbox 1147 3472 1260 3539; x_wconf 83' lang='lat' dir='ltr'><strong>angulos</strong></span> <span class='ocrx_word' id='word_1_289' title='bbox 1270 3488 1375 3542; x_wconf 81' lang='lat' dir='ltr'><strong>sumere</strong></span> 
     </span>
     <span class='ocr_line' id='line_1_33' title="bbox 252 3535 1373 3660; baseline 0.004 -71"><span class='ocrx_word' id='word_1_290' title='bbox 252 3537 414 3660; x_wconf 45' lang='lat' dir='ltr'><strong>prpppppinm</strong></span> <span class='ocrx_word' id='word_1_291' title='bbox 436 3536 579 3590; x_wconf 87' lang='lat' dir='ltr'><strong>eiusmodi:</strong></span> <span class='ocrx_word' id='word_1_292' title='bbox 611 3536 700 3589; x_wconf 86' lang='lat' dir='ltr'><strong>anima</strong></span> <span class='ocrx_word' id='word_1_293' title='bbox 727 3535 888 3591; x_wconf 83' lang='lat' dir='ltr'><strong>immortalis</strong></span> <span class='ocrx_word' id='word_1_294' title='bbox 916 3541 984 3590; x_wconf 86' lang='lat' dir='ltr'><strong>est.“</strong></span> <span class='ocrx_word' id='word_1_295' title='bbox 1056 3538 1077 3570; x_wconf 86' lang='lat'><strong>¹³</strong></span> <span class='ocrx_word' id='word_1_296' title='bbox 1095 3539 1238 3593; x_wconf 77' lang='lat' dir='ltr'><strong>Aucuoms</strong></span> <span class='ocrx_word' id='word_1_297' title='bbox 1264 3540 1373 3610; x_wconf 82' lang='lat' dir='ltr'><strong>Purgat.</strong></span> 
     </span>
    </p>

    <p class='ocr_par' dir='ltr' id='par_1_12' title="bbox 443 3687 982 3759">
     <span class='ocr_line' id='line_1_34' title="bbox 443 3687 982 3759; baseline -0.002 -16"><span class='ocrx_word' id='word_1_298' title='bbox 443 3689 542 3744; x_wconf 81' lang='lat' dir='ltr'><strong>Vestra</strong></span> <span class='ocrx_word' id='word_1_299' title='bbox 559 3689 725 3759; x_wconf 80' lang='lat' dir='ltr'><strong>apprensiaa</strong></span> <span class='ocrx_word' id='word_1_300' title='bbox 742 3687 779 3742; x_wconf 82' lang='lat' dir='ltr'><strong>da</strong></span> <span class='ocrx_word' id='word_1_301' title='bbox 795 3703 869 3742; x_wconf 82' lang='lat' dir='ltr'><strong>esser</strong></span> <span class='ocrx_word' id='word_1_302' title='bbox 885 3703 982 3742; x_wconf 76' lang='lat' dir='ltr'><strong>verace</strong></span> 
     </span>
    </p>

    <p class='ocr_par' dir='ltr' id='par_1_13' title="bbox 442 3755 1169 3895">
     <span class='ocr_line' id='line_1_35' title="bbox 442 3755 1169 3830; baseline 0.003 -20"><span class='ocrx_word' id='word_1_303' title='bbox 442 3822 444 3828; x_wconf 26' lang='grc' dir='ltr'>Ι</span> <span class='ocrx_word' id='word_1_304' title='bbox 472 3756 582 3827; x_wconf 73' lang='lat' dir='ltr'><strong>Trappe</strong></span> <span class='ocrx_word' id='word_1_305' title='bbox 599 3757 761 3821; x_wconf 76' lang='lat' dir='ltr'><strong>intenzione,</strong></span> <span class='ocrx_word' id='word_1_306' title='bbox 778 3771 794 3809; x_wconf 79' lang='lat' dir='ltr'><strong>s</strong></span> <span class='ocrx_word' id='word_1_307' title='bbox 810 3755 905 3810; x_wconf 80' lang='lat' dir='ltr'><strong>dentre</strong></span> <span class='ocrx_word' id='word_1_308' title='bbox 924 3774 941 3810; x_wconf 84' lang='lat' dir='ltr'><strong>a</strong></span> <span class='ocrx_word' id='word_1_309' title='bbox 959 3758 1005 3811; x_wconf 78' lang='lat' dir='ltr'><strong>voi</strong></span> <span class='ocrx_word' id='word_1_310' title='bbox 1020 3757 1047 3811; x_wconf 85' lang='lat' dir='ltr'><strong>la</strong></span> <span class='ocrx_word' id='word_1_311' title='bbox 1064 3759 1169 3830; x_wconf 74' lang='lat' dir='ltr'><strong>spiepa,</strong></span> 
     </span>
     <span class='ocr_line' id='line_1_36' title="bbox 471 3823 1025 3895; baseline 0 -16"><span class='ocrx_word' id='word_1_312' title='bbox 471 3823 501 3880; x_wconf 79' lang='lat' dir='ltr'><strong>Si</strong></span> <span class='ocrx_word' id='word_1_313' title='bbox 519 3823 568 3879; x_wconf 74' lang='lat' dir='ltr'><strong>che</strong></span> <span class='ocrx_word' id='word_1_314' title='bbox 585 3823 695 3878; x_wconf 75' lang='lat' dir='ltr'><strong>l&#39;animo</strong></span> <span class='ocrx_word' id='word_1_315' title='bbox 713 3823 751 3877; x_wconf 83' lang='lat' dir='ltr'><strong>ad</strong></span> <span class='ocrx_word' id='word_1_316' title='bbox 766 3839 826 3877; x_wconf 82' lang='lat' dir='ltr'><strong>essa</strong></span> <span class='ocrx_word' id='word_1_317' title='bbox 844 3824 936 3894; x_wconf 80' lang='lat' dir='ltr'><strong>volper</strong></span> <span class='ocrx_word' id='word_1_318' title='bbox 951 3825 1025 3895; x_wconf 78' lang='lat' dir='ltr'><strong>face,</strong></span> 
     </span>
    </p>

    <p class='ocr_par' dir='ltr' id='par_1_14' title="bbox 437 3891 1058 4040">
     <span class='ocr_line' id='line_1_37' title="bbox 437 3891 979 3974; baseline -0.002 -27"><span class='ocrx_word' id='word_1_319' title='bbox 437 3893 465 3947; x_wconf 83' lang='lat' dir='ltr'><em>E</em></span> <span class='ocrx_word' id='word_1_320' title='bbox 479 3909 517 3957; x_wconf 80' lang='lat' dir='ltr'><strong>se,</strong></span> <span class='ocrx_word' id='word_1_321' title='bbox 534 3891 640 3955; x_wconf 65' lang='lat' dir='ltr'><strong>revolso,</strong></span> <span class='ocrx_word' id='word_1_322' title='bbox 658 3893 733 3946; x_wconf 76' lang='lat' dir='ltr'><strong>iuver</strong></span> <span class='ocrx_word' id='word_1_323' title='bbox 750 3891 781 3945; x_wconf 79' lang='lat' dir='ltr'><strong>di</strong></span> <span class='ocrx_word' id='word_1_324' title='bbox 796 3891 833 3946; x_wconf 78' lang='lat' dir='ltr'><strong>la·</strong></span> <span class='ocrx_word' id='word_1_325' title='bbox 847 3893 873 3946; x_wconf 80' lang='lat' dir='ltr'><strong>si</strong></span> <span class='ocrx_word' id='word_1_326' title='bbox 909 3894 979 3974; x_wconf 74' lang='lat' dir='ltr'><strong>ispa,</strong></span> 
     </span>
     <span class='ocr_line' id='line_1_38' title="bbox 473 3909 1058 4040; baseline 0.007 -27"><span class='ocrx_word' id='word_1_327' title='bbox 473 3959 541 4026; x_wconf 71' lang='lat' dir='ltr'><strong>(incl</strong></span> <span class='ocrx_word' id='word_1_328' title='bbox 554 3962 668 4040; x_wconf 65' lang='lat' dir='ltr'><strong>ptepare</strong></span> <span class='ocrx_word' id='word_1_329' title='bbox 684 3961 698 4014; x_wconf 82' lang='grc'><strong>1</strong></span> <span class='ocrx_word' id='word_1_330' title='bbox 715 3976 801 4024; x_wconf 84' lang='lat' dir='ltr'><strong>amor,</strong></span> <span class='ocrx_word' id='word_1_331' title='bbox 819 3909 909 4030; x_wconf 65' lang='grc'><strong>(11111111</strong></span> <span class='ocrx_word' id='word_1_332' title='bbox 927 3967 1058 4017; x_wconf 80' lang='lat' dir='ltr'><strong>enatura</strong></span> 
     </span>
    </p>
   </div>
   <div class='ocr_carea' id='block_1_5' title="bbox 473 4027 1093 4101">
    <p class='ocr_par' dir='ltr' id='par_1_15' title="bbox 473 4027 1093 4101">
     <span class='ocr_line' id='line_1_39' title="bbox 473 4027 1093 4101; baseline -0.002 -17"><span class='ocrx_word' id='word_1_333' title='bbox 473 4027 528 4084; x_wconf 75' lang='lat' dir='ltr'><strong>eae</strong></span> <span class='ocrx_word' id='word_1_334' title='bbox 540 4045 596 4099; x_wconf 79' lang='lat' dir='ltr'><strong>per</strong></span> <span class='ocrx_word' id='word_1_335' title='bbox 608 4045 706 4098; x_wconf 69' lang='lat' dir='ltr'><strong>precer</strong></span> <span class='ocrx_word' id='word_1_336' title='bbox 723 4027 754 4081; x_wconf 77' lang='lat' dir='ltr'><strong>di</strong></span> <span class='ocrx_word' id='word_1_337' title='bbox 768 4044 857 4082; x_wconf 82' lang='lat' dir='ltr'><strong>nuovo</strong></span> <span class='ocrx_word' id='word_1_338' title='bbox 875 4046 903 4083; x_wconf 82' lang='lat' dir='ltr'><strong><em>m</em></strong></span> <span class='ocrx_word' id='word_1_339' title='bbox 920 4031 966 4083; x_wconf 80' lang='lat' dir='ltr'><strong>aei</strong></span> <span class='ocrx_word' id='word_1_340' title='bbox 981 4031 1008 4083; x_wconf 81' lang='lat' dir='ltr'><strong>si</strong></span> <span class='ocrx_word' id='word_1_341' title='bbox 1023 4029 1093 4101; x_wconf 77' lang='lat' dir='ltr'><strong>lepa.</strong></span> 
     </span>
    </p>
   </div>
   <div class='ocr_carea' id='block_1_6' title="bbox 472 4163 786 4286">
    <p class='ocr_par' dir='ltr' id='par_1_16' title="bbox 472 4163 786 4286">
     <span class='ocr_line' id='line_1_40' title="bbox 472 4163 786 4286; baseline 0.006 -70"><span class='ocrx_word' id='word_1_342' title='bbox 472 4163 572 4230; x_wconf 71' lang='lat' dir='ltr'><strong>Quarta</strong></span> <span class='ocrx_word' id='word_1_343' title='bbox 578 4166 678 4286; x_wconf 48' lang='lat' dir='ltr'><strong>(prima</strong></span> <span class='ocrx_word' id='word_1_344' title='bbox 695 4163 786 4235; x_wconf 78' lang='lat' dir='ltr'><strong>voplia</strong></span> 
     </span>
    </p>
   </div>
   <div class='ocr_carea' id='block_1_7' title="bbox 473 4231 1048 4303">
    <p class='ocr_par' dir='ltr' id='par_1_17' title="bbox 473 4231 1048 4303">
     <span class='ocr_line' id='line_1_41' title="bbox 473 4231 1048 4303; baseline -0.005 -18"><span class='ocrx_word' id='word_1_345' title='bbox 473 4231 560 4285; x_wconf 81' lang='lat' dir='ltr'><strong>Merto</strong></span> <span class='ocrx_word' id='word_1_346' title='bbox 624 4232 684 4287; x_wconf 82' lang='lat' dir='ltr'><strong>lade</strong></span> <span class='ocrx_word' id='word_1_347' title='bbox 701 4250 717 4287; x_wconf 89' lang='lat' dir='ltr'><em>o</em></span> <span class='ocrx_word' id='word_1_348' title='bbox 736 4232 767 4286; x_wconf 83' lang='lat' dir='ltr'><strong>di</strong></span> <span class='ocrx_word' id='word_1_349' title='bbox 783 4233 884 4287; x_wconf 80' lang='lat' dir='ltr'><strong>biasmo</strong></span> <span class='ocrx_word' id='word_1_350' title='bbox 902 4247 955 4285; x_wconf 83' lang='lat' dir='ltr'><strong>non</strong></span> <span class='ocrx_word' id='word_1_351' title='bbox 973 4248 1048 4303; x_wconf 83' lang='lat' dir='ltr'><strong>cape.</strong></span> 
     </span>
    </p>
   </div>
   <div class='ocr_carea' id='block_1_8' title="bbox 0 0 1456 4874">
    <p class='ocr_par' dir='ltr' id='par_1_18' title="bbox 0 0 1456 4874">
     <span class='ocr_line' id='line_1_42' title="bbox 0 0 1456 4874; baseline 0 5"><span class='ocrx_word' id='word_1_352' title='bbox 0 0 1456 4874; x_wconf 95' lang='lat' dir='ltr'><strong> </strong></span> 
     </span>
    </p>
   </div>
  </div>
 </body>
</html>
