2902 4874
394 309 528 365 DANTIS
545 309 767 366 MONARCHIA
783 312 818 365 11.
838 312 866 367 C.
885 316 909 366 5.
1169 315 1210 376 53

91 483 290 567 studuerunt,
315 483 343 548 si
364 485 559 568 provincias,
589 484 617 549 si
646 484 749 551 socios
778 485 941 566 aequitate
967 492 999 551 et
1020 485 1083 554 fide
1105 487 1210 557 defen-

92 586 223 670 dissent;
247 585 356 667 itaque
378 581 460 649 illud
474 586 684 669 patrocinium
706 587 792 653 orbis
806 592 961 652 terrarum
975 589 1091 673 potius,
1116 609 1212 673 quam
1230 612 1262 662 45

89 689 259 772 Imperium
280 691 406 772 poterat
426 685 613 755 nominari.“
656 688 746 755 Haec
768 688 919 755 Cicero.

171 790 223 855 De
245 789 433 874 personis
455 793 562 880 autem
585 790 869 873 singularibus
891 791 1118 874 compendiose
1139 815 1211 879 pro·

87 891 222 976 grediar.
266 889 431 972 Numquid
458 911 522 955 non
553 890 668 957 bouum
698 910 862 958 commune
883 891 1060 960 intendisse
1083 893 1211 962 dicendi

87 999 174 1077 sunt,
206 993 261 1074 qui
289 991 419 1074 sudore,
450 992 504 1074 qui
532 997 737 1078 paupertate,
768 994 822 1076 qui
850 995 963 1080 exilio,
993 995 1048 1077 qui
1072 995 1210 1062 filiorum

86 1095 268 1178 orbatione,
292 1092 347 1176 qui
361 1093 532 1159 amissione
546 1095 774 1179 membrorum,
798 1095 852 1178 qui
874 1095 1010 1178 denique
1032 1097 1209 1164 animarum
1228 1119 1261 1170 50

87 1198 251 1265 oblatione
273 1196 392 1261 bonum
413 1194 577 1281 publicum
599 1215 758 1279 exaugere
783 1198 889 1264 conati
911 1198 1005 1264 sunt?

170 1299 286 1365 Nonne
309 1296 576 1363 Cincinnatus
597 1297 653 1364 ille
675 1304 820 1364 sanctum
837 1300 931 1366 nobis
953 1299 1082 1383 reliquit
1104 1321 1210 1368 exem-

86 1403 191 1487 plum,
221 1399 322 1464 libere
352 1396 533 1482 deponendi
562 1397 750 1482 dignitatem
778 1400 812 1465 in
839 1402 989 1485 termino,
1019 1420 1130 1486 quum,
1161 1422 1211 1468 as·

87 1507 232 1588 sumptus
260 1501 302 1566 ab
331 1504 454 1584 aratro,
483 1499 630 1567 Dictator
651 1500 754 1568 factus
776 1507 840 1586 est,
870 1509 905 1567 ut
925 1504 1069 1570 Livius
1091 1503 1210 1570 refert?

87 1605 125 1670 Et
147 1608 224 1690 post
246 1601 427 1685 victoriam,
454 1607 529 1687 post
549 1602 759 1688 triumphum,
788 1611 913 1690 sceptro
935 1605 1139 1691 imperatorio
1161 1625 1209 1671 rc·
1230 1629 1261 1679 55

87 1709 195 1773 stituto
227 1704 432 1787 Consulibus,
464 1703 633 1770 sudaturus
662 1710 736 1789 post
764 1706 864 1773 boves
893 1707 936 1774 ad
964 1708 1081 1773 stivam
1109 1706 1211 1774 libere

87 1827 233 1875 reversus
255 1810 313 1874 est.
355 1805 481 1891 Quippe
503 1805 536 1870 in
564 1806 635 1891 ejus
663 1806 794 1874 laudem
817 1807 974 1893 Cicero,
1004 1813 1113 1875 contra
1134 1808 1209 1895 Epi-

88 1929 204 1994 curum,
226 1908 314 1973 iniis
337 1927 419 1991 quae
442 1906 482 1973 de
497 1907 577 1973 Fine
600 1909 762 1992 bonorum,
787 1908 978 1997 disceptans,
1001 1911 1098 1996 hujus
1113 1911 1208 1978 bene-

86 2010 148 2079 ficii
170 2031 293 2077 memor
313 2009 386 2075 fuit:
408 2009 571 2094 „Itaque,“
593 2009 711 2093 inquit,
734 2017 787 2095 „et
804 2010 943 2095 maJores
958 2012 1059 2077 nostri
1075 2012 1117 2076 ab
1140 2032 1209 2107 ara,-

85 2117 131 2182 tro
156 2113 315 2179 duxerunt
337 2110 556 2178 Cincinnatum
577 2112 683 2196 illum,
706 2119 741 2177 ut
762 2112 908 2179 Dictator
930 2112 1045 2179 esset.“
1229 2138 1261 2190 50

169 2215 285 2281 Nonne
307 2213 521 2278 Fabricius
543 2213 643 2278 altum
670 2213 764 2280 nobis
790 2213 878 2281 dedit
900 2215 1083 2300 exemplum
1105 2216 1208 2281 avari-

110 2419 134 2451 ⁴⁴
153 2417 316 2472 studuerunt
333 2414 410 2470 deest
425 2415 454 2469 in
472 2414 503 2468 F.
740 2412 811 2468 Edd.
829 2415 995 2470 subadactus
1018 2414 1159 2483 (Princeps
1182 2415 1210 2470 in

112 2504 136 2537 ⁴⁸
153 2502 187 2556 L.
205 2501 242 2555 M.
255 2499 455 2572 promediator
738 2500 824 2566 marg.
842 2498 976 2565 subditas)

111 2590 135 2622 ⁵⁰
153 2587 183 2640 P.
193 2587 358 2642 abscrbsione
370 2585 409 2649 (in
417 2599 516 2653 marg:
535 2583 621 2651 „alias
757 2582 789 2636 F.
808 2582 845 2637 ad
861 2584 949 2638 scices
971 2612 1007 2623 -
1031 2583 1102 2638 alius
1126 2582 1210 2637 siloas

154 2672 327 2736 amissiouff‘)
740 2697 775 2704 -
791 2666 822 2721 M
840 2667 878 2721 ad
893 2683 945 2722 sua
962 2698 996 2708 -
1008 2668 1041 2722 A.
1060 2673 1086 2722 ct
1103 2669 1210 2722 minam

112 2758 134 2792 ⁵¹
152 2756 190 2810 M.
210 2760 237 2810 et
254 2754 314 2810 edd.
333 2769 435 2826 auom
758 2751 854 2817 libere,
873 2751 944 2820 quod
962 2752 1063 2807 hubent
1075 2753 1107 2806 F.
1125 2753 1159 2807 H.
1176 2753 1208 2808 L.

111 2844 134 2876 ⁵³
152 2842 190 2896 M.
208 2841 346 2895 inanimo
364 2837 441 2891 -L.
459 2838 488 2891 io
506 2853 622 2909 apro-
740 2836 777 2889 M.
795 2835 825 2889 P.
844 2838 877 2891 V.
907 2837 1036 2893 omittunt
1051 2838 1085 2891 A.
1104 2841 1132 2893 et
1149 2838 1209 2893 edd.

152 2927 185 2980 F.
204 2926 233 2980 io
251 2930 307 2980 toto
699 2921 721 2954 ⁵⁸
737 2920 772 2973 Η.
789 2921 820 2974 L.
838 2922 869 2975 P.
887 2922 920 2976 V.
944 2922 1094 2994 disjectam
1119 2953 1152 2962 -
1176 2922 1208 2976 A.

110 3014 134 3047 ⁵⁶
151 3011 187 3065 H.
204 3011 237 3064 L.
255 3010 292 3064 M.
311 3009 341 3062 P.
359 3008 392 3062 V.
420 3010 448 3061 et
469 3004 556 3061 versio
573 3005 620 3059 Fi·
739 3005 852 3062 dmerut

153 3095 208 3151 cini
228 3124 263 3135 -
289 3093 321 3148 F.
343 3092 502 3148 subditurus
531 3090 621 3152 [Zattu
699 3091 722 3124 ⁶¹
740 3090 771 3144 F.
796 3091 830 3144 H.
853 3091 883 3145 P.
907 3091 940 3145 V.
958 3097 987 3147 et
1011 3093 1099 3148 versio
1120 3092 1210 3148 Ficini

152 3180 288 3240 subditur)
297 3207 332 3218 -
344 3178 379 3230 A.
397 3192 426 3232 sc
444 3176 572 3231 datarum
586 3205 620 3214 —
737 3206 772 3214 —
789 3176 822 3230 A.
840 3177 872 3230 L.
890 3176 924 3230 M.
954 3180 982 3230 et
1008 3176 1068 3232 edd.
1091 3182 1210 3247 (praeter

738 3260 876 3325 Turrium)
893 3261 1008 3316 alterum
1026 3263 1182 3334 exemplam

112 3476 115 3483 r
154 3453 177 3486 ⁵⁴
194 3451 294 3504 Lrvrus
311 3447 357 3502 VI.
376 3450 418 3512 28,
436 3450 478 3501 29.
547 3447 570 3480 ⁵⁷
588 3445 716 3501 Onosrun
732 3447 816 3516 magis
852 3461 914 3501 uam
935 3446 1041 3501 Livium
1065 3450 1208 3516 sequutum

75 3535 145 3578 esse
162 3525 302 3574 auctorem
318 3521 450 3582 nostrum,
467 3515 540 3570 iliius
551 3514 648 3568 docent
664 3517 754 3582 verba,
773 3530 840 3584 quae
868 3515 984 3569 abentur
1000 3516 1028 3567 in
1046 3516 1104 3583 eJus
1115 3515 1207 3569 Histo-

76 3591 131 3646 riis
149 3588 184 3642 Π.
205 3592 244 3641 12.
280 3584 440 3653 „Quinctius
450 3583 625 3638 Cincinnatus
636 3624 642 3637 .
653 3623 659 3635 .
670 3623 694 3636 ..
713 3583 839 3638 Dictator
931 3581 978 3649 qui
1000 3587 1123 3651 repertus
1141 3582 1207 3648 ruri,

76 3659 117 3714 ab
141 3663 233 3711 aratro
257 3652 405 3708 accersitus
429 3651 464 3706 ad
485 3652 587 3715 fasces,
605 3656 712 3720 sumpto
728 3652 843 3718 honore,
871 3653 1058 3718 instructoque
1080 3650 1207 3717 exercitu,

73 3727 178 3808 ,jugum
200 3725 283 3779 boum
309 3721 385 3790 equis
407 3720 547 3789 imposuit,
569 3718 710 3774 victoriam
728 3735 762 3774 ue
786 3718 864 3787 quasi
892 3716 989 3772 stivam
1010 3724 1120 3783 tenens,
1142 3717 1207 3773 sub-

73 3797 192 3864 rogatos
209 3792 301 3846 hostes
318 3804 385 3859 prae
402 3805 432 3844 se
449 3787 552 3857 primus
569 3787 650 3855 egit.“
684 3736 728 3841 CC
742 3788 884 3841 Aueroars
901 3785 999 3839 Parad.
1016 3785 1063 3840 VI.
1082 3791 1123 3840 46.

409 3913 414 3924 .
434 3913 440 3925 .
460 3914 465 3925 .
489 3912 494 3925 .
511 3871 628 3938 Quiozio
644 3870 693 3926 ebe
710 3872 759 3926 dal
774 3872 848 3927 cirro

356 3940 483 4012 Neqletto
500 3941 535 4012 fu
553 3944 664 3994 comato

81 4029 198 4098 ejusque
216 4025 373 4081 Conuiuium
389 4027 436 4082 IV.
455 4032 480 4080 5.
504 4023 574 4091 „Chi
588 4022 651 4104 dirui
668 4022 699 4077 dr·
714 4022 830 4088 cornato
849 4022 1008 4103 Cincinnato
1024 4023 1099 4093 fatto
1116 4021 1205 4076 bitro-

18 4163 21 4168 ·
83 4094 358 4236 idioti-wid
376 4091 813 4218 ttt‘bdtttttttttd
836 4090 1207 4214 “studuisti

86 4234 179 4289 molor.
227 4272 233 4284 .
252 4235 269 4284 4
288 4233 351 4297 (12.)
