2902 4874
575 297 788 359 VERSIONES.
1159 302 1249 356 LXXI

215 478 244 539 3.
278 472 628 541 Mneumasccfflunus
651 477 693 540 ΙΙ.
738 476 839 542 Class.
856 476 964 541 XXX.
985 477 1249 543 1101111161]-

134 587 259 651 branae.
281 586 315 651 in
331 593 453 678 quarto,
476 606 559 651 saec.
576 586 647 650 XV.
692 588 823 652 Turrius
845 587 935 653 initio
957 593 990 653 et
1009 588 1044 653 in
1061 587 1167 654 medio
1183 608 1248 651 mu·
1316 639 1317 642 ,

134 695 220 760 tiium
243 717 315 762 eum
339 696 424 776 dicit,
448 696 644 760 accuratiora
665 703 772 763 tamen
795 717 861 761 non
883 697 1034 763 referens

215 812 243 874 4.
277 805 394 872 Codice
414 807 528 871 illustr.
551 807 743 873 Marchionis
767 807 846 873 Gnvr
868 806 1043 889 Carreum,
1070 815 1105 873 ut
1126 815 1249 874 textum

134 935 169 981 ex
183 917 481 999 Magliabecebiano
498 915 676 982 desumtum
697 917 774 982 inde
788 916 983 1000 emendaret,
1007 938 1043 984 se
1064 939 1155 984 usum
1178 938 1249 984 esse

133 1032 263 1092 testatur
284 1026 494 1091 Vreticeilius.

190 1142 244 1200 ·5.
287 1135 435 1202 codicem
465 1138 682 1218 chartaceum,
710 1138 743 1202 in
774 1146 885 1220 quarto
914 1140 1029 1204 minori
1053 1159 1136 1205 saec.
1159 1139 1248 1203 XVI.

134 1247 291 1329 scriptum,
316 1253 348 1312 et
370 1245 581 1311 divisionibus
595 1253 660 1311 tam
676 1247 838 1328 librorum,
862 1267 955 1330 quam
977 1250 1116 1333 capitum
1139 1269 1250 1316 caren-

134 1362 201 1439 tem,
226 1356 302 1421 dum
326 1363 409 1422 esset
430 1356 646 1423 honestissimi
669 1358 862 1438 Liberunum,
890 1359 1087 1443 bibliopolae
1109 1359 1250 1443 Scaphu·

134 1467 215 1546 sani,
245 1469 318 1550 ipse
344 1467 493 1531 manibus
522 1468 659 1533 versavi.
710 1469 794 1532 Num
817 1488 893 1534 vero
915 1470 1052 1551 interim,
1076 1476 1107 1535 et
1129 1470 1178 1534 cui
1203 1470 1250 1534 di-

133 1577 280 1644 venditus
302 1577 353 1660 sit,
375 1578 497 1659 ignoro.

212 1849 304 1913 Alios
325 1847 421 1930 hujus
443 1848 599 1914 versionis
621 1848 762 1930 codices,
792 1869 871 1932 quos
893 1854 1020 1915 exstare
1041 1870 1106 1915 non
1131 1851 1249 1934 dubito,
1301 1890 1312 1903 ι

119 1977 224 2040 quum
247 1958 349 2024 solum
372 1958 506 2022 latinum
528 1965 649 2024 textum
679 1959 775 2025 edere
802 1958 1035 2043 constituerim,
1065 1962 1251 2043 conquirere

116 2087 192 2136 non
217 2064 336 2134 curavi.

214 2338 398 2419 Editiones,
437 2357 519 2421 quae
553 2340 708 2405 hactenus
740 2339 943 2423 prodierunt,
977 2343 1011 2405 in
1045 2344 1251 2408 recensendis

105 2447 231 2535 ipsius
254 2449 295 2516 de
310 2450 495 2515 Monarchia
510 2450 615 2541 operis
633 2450 826 2516 editionibus
848 2450 906 2515 sub
928 2451 1022 2516 annis
1048 2454 1248 2533 1839,1841,

114 2564 226 2644 1844,
252 2564 343 2637 1853,
370 2563 450 2628 1857
474 2566 506 2626 et
531 2564 607 2625 1861
634 2559 829 2626 enumeravi.

566 2845 597 2898 B.
634 2844 812 2899 ANONYMI.

219 3006 247 3064 1.
288 3001 398 3066 Codex
426 3003 682 3066 cheauumuus
712 3002 888 3067 No.1043.
918 3001 1056 3066 chartac.
1092 3003 1126 3066 in
1163 3003 1251 3086 folio,

114 3129 213 3177 saec.
238 3110 310 3175 XV.
360 3110 545 3175 Monarchia
572 3111 709 3176 habetur
736 3112 813 3178 inde
841 3132 861 3175 a
889 3110 943 3175 101.
972 3116 1022 3176 45.
1073 3113 1251 3197 Inscriptio,

116 3222 289 3287 referente
311 3221 433 3301 Turrio,
467 3220 548 3286 haec
570 3228 633 3286 est:
666 3221 855 3284 Iuoomincr‘o
877 3223 902 3283 r‘l
923 3220 1002 3284 libro
1025 3223 1252 3287 1190016111-

124 3331 259 3414 lipbr'err‘
295 3331 330 3394 dr'
366 3331 521 3403 Fr‘reoze,
560 3330 713 3394 cbr’omato
747 3331 949 3403 Mamercium,
988 3331 1054 3395 ecoe
1093 3336 1251 3418 principio

127 3441 273 3504 «sordine
295 3442 329 3504 rb·
348 3463 488 3524 reppere.
537 3441 734 3524 Subscriptio
756 3463 832 3508 vcro
860 3442 950 3507 talis:
978 3441 1085 3505 Frictio
1107 3444 1138 3505 Ia
1160 3443 1252 3507 Moo-

132 3551 240 3613 orchia
264 3551 298 3614 dr·
315 3551 423 3614 Docte
437 3551 617 3634 Allrpbr'crr',
636 3561 732 3629 poeto
755 3551 931 3627 florentine,
955 3573 969 3614 c
993 3554 1104 3614 scritto
1123 3575 1184 3637 per
1204 3576 1252 3616 mc

133 3661 292 3724 Pierozzo
316 3661 350 3723 di
369 3661 542 3724 Domcnr'co
565 3663 599 3725 di
618 3661 741 3745 Jocopo
764 3662 818 3725 De
839 3663 973 3734 Rossi03
995 3684 1012 3724 e
1023 3661 1122 3746 finito
1144 3675 1251 3747 questo

135 3771 165 3833 db
198 3771 310 3834 XVII.
347 3771 380 3833 ab'
416 3769 538 3855 Girrpoo
567 3770 660 3835 1461.
712 3769 805 3837 Haec
827 3793 902 3839 vero
925 3773 1077 3855 temporis
1097 3771 1251 3839 indicatio

135 3879 227 3947 fidem
256 3881 362 3946 iacere
389 3881 528 3963 videtur,
558 3889 592 3946 ut
619 3889 705 3948 reete
727 3889 835 3947 monet
857 3882 997 3965 Turrius,
1027 3882 1110 3946 banc
1135 3884 1252 3948 versio·

136 4010 222 4074 nem,
252 3992 342 4075 cujus
363 3992 540 4075 specimina
561 3991 750 4076 appendicis
772 3993 841 4056 loco
864 3993 934 4074 ipse
956 3990 1061 4071 dedit,
1085 3991 1251 4058 Ficiniana

138 4118 205 4167 esse
227 4102 430 4167 anteriorem.

219 4215 248 4277 2.
286 4211 539 4278 Scoamuarvsrs.
590 4211 756 4287 Codicem,
785 4230 879 4292 quem
907 4212 957 4276 his
978 4211 1084 4276 verbis
1105 4222 1253 4278 recenset
