2896 4876
235 296 285 350 XL
656 293 939 351 PROLEGOMENA.

236 469 411 541 illustrium
434 468 624 541 aRomanis
653 469 1130 567 perpetratorumenumeratio
1157 470 1190 540 iu
1215 472 1362 543 secundo

236 596 442 667 Monarchiae
468 595 551 667 libro
579 591 661 694 (cap.
687 595 733 697 5),
759 599 793 668 in
816 597 969 668 Convivio
998 592 1062 694 (lV.
1088 592 1125 695 5)
1152 608 1183 667 et
1209 598 1241 668 in
1271 609 1362 671 sexto

237 724 380 795 Paradisi
417 734 524 794 cantu.
589 723 662 795 Duo
706 725 792 795 enim
832 724 993 820 praeclara
1028 724 1154 795 virtutis
1194 723 1362 798 Romanae

238 850 400 945 exempla,
434 849 561 941 Manlii,
594 861 688 947 puta,
723 852 895 947 Torquati,
928 850 1096 946 proprium
1126 852 1228 923 filium
1258 854 1361 950 capite

238 977 433 1069 damnantis,
460 988 491 1047 et
517 977 623 1072 Magni
650 977 806 1074 Pompeji,
834 978 996 1069 Faesulas,
1023 990 1057 1050 ut
1084 979 1279 1070 tradebatur,
1306 982 1363 1054 ob·

237 1105 383 1196 sidentis,
409 1130 489 1200 quae
517 1106 640 1176 auctori
667 1105 889 1177 lllonurcbiam
917 1106 1081 1196 scribenti,
1109 1107 1300 1199 utvidetur,
1327 1109 1362 1179 in

238 1242 381 1303 mentem
410 1232 555 1302 ttomlum
572 1242 736 1322 venerant,
753 1256 912 1328 peraeque
934 1244 1000 1303 tarn
1028 1234 1060 1303 iu
1082 1232 1234 1304 Convivio
1262 1258 1360 1330 quam

237 1361 269 1430 iu
298 1358 475 1430 Comoedia
501 1357 716 1431 adducuntur.

323 1486 420 1556 Post
437 1486 518 1575 lites,
530 1495 617 1555 tanto
633 1487 820 1557 animorum
834 1487 948 1557 ardore
964 1487 1048 1556 inter
1064 1487 1268 1560 Bonilacium
1280 1489 1361 1561 Vlll.

238 1624 269 1685 et
296 1591 478 1708 Philippum
507 1613 684 1685 Pulchrum
719 1615 868 1708 agitatas,
901 1614 1011 1684 minus
1044 1626 1146 1709 recte,
1181 1617 1290 1688 statim
1327 1620 1361 1689 in

237 1741 397 1836 principio
419 1741 543 1835 operis,
569 1740 690 1812 llantes
711 1740 915 1837 quaestiones
934 1766 951 1811 a
979 1765 1013 1811 se
1041 1744 1271 1815 examinandas
1289 1746 1361 1837 „in-

237 1877 374 1939 tentatas
392 1868 431 1938 ab
450 1867 541 1938 aliis“
559 1881 589 1939 et
607 1869 703 1965 paulo
729 1880 802 1964 post
825 1869 885 1959 „ab
909 1869 1062 1941 omnibus
1085 1872 1279 1943 intentatas“
1304 1898 1363 1945 ne·

238 2020 299 2092 que
317 2019 386 2086 „se
410 1997 588 2091 primum
612 1996 651 2066 ad
671 1999 750 2068 tanti
769 1997 868 2068 bravii
888 1996 1051 2092 palmam“
1068 1997 1233 2092 adspirare
1252 1999 1361 2071 dicere

237 2124 405 2220 potuisset.
466 2122 531 2194 lam
575 2147 613 2195 eo
655 2123 742 2194 enim
783 2133 946 2219 tempore,
988 2148 1162 2220 quemnam
1199 2127 1359 2200 ambitum

238 2251 394 2322 baberent
419 2250 623 2321 Monarchiae
657 2251 848 2342 saecularis,
875 2263 906 2322 et
934 2277 1030 2347 quem
1058 2252 1245 2324 Pontificiae
1273 2256 1362 2328 sedis

234 2377 305 2471 jura
332 2379 417 2448 inter
443 2377 618 2473 scriptores
645 2377 1020 2473 acriterdisputabatur,
1047 2380 1086 2451 de
1115 2405 1254 2475 quorum
1283 2408 1363 2477 uno,

236 2505 430 2598 Aegidio,
456 2514 542 2599 puta,
568 2503 768 2595 Romano,
795 2529 892 2600 supra
918 2531 950 2602 p.
968 2506 1070 2577 XXVl
1096 2509 1247 2581 diximus.
1293 2511 1361 2582 Ad·

238 2634 355 2704 dautur
388 2642 536 2703 auctores
579 2631 755 2725 synchroni
791 2631 1024 2704 Guilelmus
1059 2636 1104 2705 de
1139 2633 1362 2738 Ockanffa)

236 2761 448 2831 lohannes
493 2759 538 2830 de
582 2754 819 2858 Parisiissst)
867 2770 898 2830 et
950 2759 1235 2856 Engclbertus
1279 2765 1361 2837 Ad·

237 2887 483 2960 montensis
497 2884 546 2983 4⁰)
595 2884 694 2956 Recte
716 2886 815 2980 igitur
832 2889 1134 2981 argumentabimur
1168 2904 1362 2987 asserentes,

237 3038 318 3109 opus
347 3022 494 3085 nostrum
531 3023 603 3084 aute
640 3024 787 3109 tempora
814 3016 1092 3087 concertationum
1129 3017 1257 3091 illarum
1287 3045 1360 3094 esse

236 3136 525 3239 compositum.⁴¹)

320 3359 348 3420 ³⁸)
368 3356 459 3410 amon
482 3354 662 3421 Serranorum
689 3354 801 3424 Sylloge
823 3356 923 3411 Hister.
949 3358 1029 3414 Polit.
1047 3360 1112 3414 eccl.
1131 3360 1182 3412 Ed.
1201 3361 1265 3414 anni
1285 3366 1358 3418 tata.

236 3449 267 3504 P.
278 3454 385 3504 75-80.
422 3448 568 3514 Gonnnsr,
586 3447 742 3502 Monarchia
759 3449 784 3503 S.
803 3450 883 3504 Rom.
912 3451 980 3519 Imp.
998 3452 1019 3505 1.
1041 3457 1080 3506 ta.
1098 3457 1126 3507 et
1144 3454 1177 3506 ll.
1197 3458 1254 3508 398.

313 3543 350 3608 θ)
370 3542 538 3597 Souroutos
555 3541 572 3593 l.
592 3557 614 3595 o.
632 3556 657 3608 p.
680 3547 819 3598 tta—154.
858 3545 1004 3598 Gonnnsr.
1022 3546 1039 3598 l.
1059 3562 1080 3600 o.
1100 3545 1120 3598 1.
1143 3551 1197 3600 108.

320 3638 350 3698 ⁴⁰)
371 3635 498 3699 Cnurau,
516 3635 559 3688 De
577 3633 651 3701 ung.
669 3650 844 3705 progressuq.
863 3638 942 3692 Rom.
960 3639 1026 3706 Imp.
1050 3655 1077 3707 p.
1097 3643 1188 3693 r-ct.

321 3732 349 3792 ⁴¹)
368 3728 418 3781 Vir
428 3728 501 3782 doct.
512 3728 769 3791 Dnmcraswnmen,
786 3730 821 3783 de
839 3745 893 3799 quo
912 3730 980 3784 infra
989 3746 1015 3798 p.
1025 3730 1115 3784 XLIX
1132 3732 1263 3799 dicemus,
1271 3732 1357 3788 hosce

236 3826 378 3886 tractatus,
394 3821 457 3875 licet
471 3823 529 3892 jam
546 3821 573 3875 ln
592 3823 679 3876 lucem
698 3822 821 3888 emissos,
840 3824 955 3879 Dantem
969 3825 1065 3878 merito
1084 3824 1192 3879 silentio
1209 3826 1356 3892 praeterire

235 3916 357 3982 potuisse
366 3919 453 3982 putat,
469 3930 551 3983 quum
562 3930 615 3969 non
632 3915 666 3969 de
675 3917 888 3983 praeeminentia
898 3906 989 3984 Papae
1008 3917 1050 3971 vel
1060 3918 1243 3987 Imperatoris,
1261 3920 1308 3988 qui
1327 3936 1356 3975 se

186 4037 188 4041 ·
236 4008 310 4062 orbis
327 4014 458 4062 terrarum
483 4009 656 4062 monarcham
681 4009 798 4075 dicebat,
817 4010 865 4064 sed
885 4011 919 4064 de
942 4026 975 4065 ea
999 4012 1157 4079 quaestione
1175 4012 1356 4080 disputarent,

236 4117 299 4155 num
309 4101 440 4170 Princeps
449 4102 577 4169 specialis
590 4103 733 4173 cujusdam
751 4103 837 4171 regni,
856 4098 959 4158 Galliae
976 4109 1052 4172 puta,
1071 4106 1260 4161 auctoritatem
1280 4124 1355 4163 suam

236 4189 402 4248 aPontifioe
420 4193 544 4250 Romano
571 4197 715 4264 repetierit.
761 4197 816 4251 Sed
843 4204 1004 4265 argumenta
1021 4199 1056 4254 ab
1074 4201 1126 4256 illis
1150 4217 1200 4268 pro
1228 4201 1356 4271 Philippo
