2910 4876
267 291 307 351 72
569 295 702 351 DANTIS
714 292 941 351 medaucum
958 295 992 349 Π.
1012 294 1040 349 C.
1059 299 1082 348 9.

351 465 399 550 „0
418 465 558 533 altitudo
574 465 757 533 divitiarum
779 466 955 552 sapientiae
977 471 1009 532 et
1032 466 1184 534 scientiae
1197 464 1294 550 Dei‚“
1316 469 1391 549 quis

216 591 247 642 55
266 570 319 636 hie
340 575 372 636 te
393 591 457 636 non
479 569 703 654 obstupescere
718 568 858 654 poterit?
880 569 964 634 Nam
986 573 1152 634 conanmm
1167 564 1391 635 Alexandrum

265 670 454 757 praepedire
476 671 509 734 in
531 689 623 736 cursu
645 670 838 736 coathletam
859 671 1051 752 Romanum,
1073 674 1123 752 tu,
1145 689 1185 735 ne
1209 689 1268 735 sua
1290 676 1388 738 terne-

266 772 344 837 ritas
364 770 507 857 prodiret
528 771 676 855 ulterius,
701 769 741 837 de
763 771 934 838 certamine
957 770 1099 854 rapuisti.

353 864 418 939 Sed
440 870 526 954 quod
548 874 651 939 Roma
671 873 813 957 palmam
834 873 916 938 tanti
938 871 1041 938 bravii
1063 872 1104 936 sit
1127 872 1256 958 adepta,
1280 875 1391 940 multis

268 976 491 1060 comprobatur
512 974 716 1062 testimoniis3
747 973 792 1039 ait
820 974 904 1040 enim
926 975 1060 1056 Poeta·
1083 978 1191 1039 noster
1216 974 1250 1039 in
1271 976 1388 1060 primo:

216 1133 248 1183 50
471 1107 549 1162 Certe
567 1108 631 1162 hinc
649 1108 785 1162 Romanos
804 1107 881 1175 olinr,
899 1107 1066 1163 volventibus
1084 1106 1175 1174 annis,

468 1194 540 1247 Hinc
558 1191 616 1246 fore
634 1192 774 1255 dusares,
792 1196 918 1247 revocato
936 1208 953 1246 a
971 1192 1100 1260 sanguine
1118 1191 1232 1252 Teucri,

471 1277 522 1346 Qui
539 1292 628 1342 mare,
647 1277 694 1346 qui
711 1281 797 1331 terras
816 1278 889 1332 omni
906 1277 1005 1332 ditione
1023 1282 1152 1331 tenerent.

264 1399 306 1464 lit
324 1400 515 1466 hucanus
538 1399 571 1464 in
592 1400 710 1485 primo:

470 1531 606 1586 Dividitur
621 1533 694 1586 ferro
712 1547 836 1599 rognum,
853 1530 1001 1599 populique
1017 1533 1135 1598 potentis

216 1625 247 1677 65
471 1616 546 1684 Quae
563 1632 648 1683 mare,
667 1632 736 1685 quse
754 1623 855 1681 terras,
874 1630 943 1683 quae
960 1621 1046 1670 totum
1064 1615 1183 1684 possidet
1201 1616 1311 1683 orbern,

469 1700 531 1755 Non
550 1701 621 1771 ceph
635 1700 748 1757 ¹fortuna
766 1700 842 1754 duos.

267 1819 308 1885 Et
336 1821 533 1888 Boethius
566 1822 600 1885 in
627 1821 782 1904 secundo,
813 1841 910 1904 quum
938 1819 979 1886 de
1001 1822 1213 1887 Romanorum
1243 1812 1390 1909 principe

267 1922 467 2006 loqueretur,
491 1923 537 1989 sic
556 1923 676 2005 inquit:

469 2055 522 2110 liic
541 2063 629 2110 tamen
648 2061 756 2123 sceptro
774 2055 890 2124 populos
908 2055 1033 2122 regebat,

216 2169 248 2217 70
469 2139 542 2207 Quos
559 2140 631 2194 videt
648 2140 765 2195 condens
784 2138 872 2192 radios
891 2138 942 2193 sub
960 2137 1047 2193 undas
1082 2182 1086 2187 .

465 2225 596 2279 Ρὴοθὴιιε
610 2231 732 2279 extremo
750 2224 859 2278 veniens
877 2223 911 2276 cb
930 2229 1004 2286 omn,

468 2309 541 2377 Quos
558 2316 683 2379 premunt
700 2316 803 2378 septem
820 2307 900 2376 gelidi
916 2309 1030 2373 triones,

470 2395 543 2462 Quos
561 2402 642 2450 notus
659 2394 732 2448 sicco
750 2394 881 2447 violentus
903 2399 980 2446 aestu

471 2479 584 2546 Torret,
603 2478 728 2534 ardentes
746 2492 895 2544 recoquens
914 2491 1020 2532 arenas.

215 2627 247 2676 75
265 2598 335 2665 Hoc
358 2598 454 2665 etiarn
476 2599 690 2665 testimonium
712 2597 861 2679 perhibet
890 2597 995 2663 scriba
1017 2596 1134 2663 Christi
1157 2596 1303 2682 Lucas,
1335 2600 1391 2682 qui

266 2700 372 2765 omnia
394 2721 472 2767 vera
499 2700 591 2784 dicit,
620 2701 653 2765 in
674 2701 733 2764 illa
752 2704 844 2784 parte
867 2699 916 2764 sui
938 2698 1071 2782 eloquii:
1094 2698 1224 2781 „univit
1247 2700 1389 2768 edictum

191 2832 192 2838 κ
266 2821 286 2864 a
314 2800 454 2884 Caesare
478 2801 638 2884 Augusto,
668 2807 701 2866 ut
730 2799 960 2867 describeretur
988 2801 1154 2866 universus
1182 2801 1300 2868 orbis.“
1350 2804 1388 2868 In

267 2901 382 2984 quibus
404 2902 513 2968 verbis
532 2903 746 2968 universalem
768 2899 878 2966 mundi
896 2902 1152 2986 jurisdictionem
1174 2906 1248 2969 tunc
1270 2904 1386 2970 Rorna-

265 3022 377 3068 norum
398 3002 512 3088 fuisse,
534 3009 645 3089 aperte
668 3003 847 3085 intelligere
869 3022 1046 3089 possumus.

295 3254 317 3286 ⁵⁴
331 3253 799 3322 divitiarum,quodhahentomnes‚
919 3255 973 3322 aar
988 3273 1070 3322 mare,
1095 3258 1144 3326 qai
1161 3261 1258 3320 terrac,
1282 3259 1333 3326 qut
1349 3263 1386 3312 to-

335 3339 413 3393 abest
430 3353 447 3391 a
464 3338 559 3392 Fieino
578 3345 605 3393 et
622 3340 656 3394 ab
675 3339 734 3394 edd.
920 3347 975 3394 tam
993 3341 1051 3395 rell.
1068 3341 1221 3410 legentium,
1241 3336 1386 3412 unus-'pross

350 3423 383 3475 A.
401 3422 433 3474 F.
450 3422 489 3476 M.
510 3423 541 3477 P.
561 3423 593 3476 V.
620 3425 749 3480 scientiae
774 3429 801 3480 et
919 3426 966 3479 hat
983 3426 1014 3479 F.

309 3501 484 3578 ‚saptentiae
878 3512 898 3543 ⁷⁰
910 3510 949 3563 Η.
967 3512 1017 3565 crab
1036 3509 1116 3564 uadis

293 3593 316 3626 ⁵⁶
333 3592 365 3645 F.
384 3592 414 3646 P.
434 3608 517 3648 cursa
534 3609 588 3662 qao
606 3591 732 3647 athletam
878 3595 900 3628 ⁷³
918 3595 950 3649 H.
970 3595 1044 3660 Quos
1060 3593 1159 3650 nothas

293 3678 316 3711 ⁵⁰
334 3679 367 3731 A.
377 3678 415 3732 M.
434 3679 591 3732 testimoniis
609 3678 801 3748 comprobator
876 3683 900 3715 7⁸
917 3683 949 3734 A.
967 3681 999 3733 F.
1017 3679 1047 3733 P.
1075 3709 1107 3718 -
1133 3679 1167 3732 H.
1185 3678 1224 3732 M.
1252 3682 1334 3735 etiam
1357 3682 1384 3734 ia

335 3793 365 3802 -
384 3761 452 3816 Edd.
470 3763 641 3834 approbatur
659 3765 752 3818 testim.
835 3827 837 3830 Α
918 3765 965 3821 illa
992 3796 1026 3802 —
1052 3764 1084 3818 L.
1102 3769 1129 3818 et
1153 3762 1213 3819 edd.
1238 3767 1319 3820 ctiam
1337 3765 1383 3820 illa

292 3849 316 3881 ⁶⁵
331 3846 482 3902 Pessimum
514 3847 647 3902 editorum
684 3864 800 3903 errorem
935 3851 967 3904 V.
986 3849 1066 3904 dicit:
1085 3847 1180 3903 aaron

334 4067 567 4136 ⁵³Psun1Epist.
585 4067 619 4121 ad
636 4067 748 4122 Roman.
769 4073 791 4121 2.
810 4085 833 4122 v.
852 4073 892 4123 33.
965 4069 1114 4124 ⁵⁹V1sa1n.
1132 4069 1232 4123 Aeneis
1250 4070 1271 4123 I.
1291 4074 1349 4124 234.

300 4135 441 4190 ⁶³Luesu.
467 4136 589 4190 Pharscl.
613 4136 636 4188 Ι.
658 4141 712 4189 109.
801 4137 824 4169 ⁶⁷
842 4138 984 4193 Bonrmus
1008 4137 1049 4192 De
1074 4138 1204 4193 consolat.
1231 4138 1328 4206 philos.
1348 4134 1380 4189 II.

264 4200 344 4258 Metr.
363 4208 386 4258 6.
456 4206 479 4237 ⁷⁵
492 4205 599 4258 Eumae.
617 4204 713 4258 Lucas
731 4208 745 4257 2
764 4222 787 4258 v.
808 4210 830 4258 l.
