<?xml version="1.0" encoding="UTF-8"?>
<!DOCTYPE html PUBLIC "-//W3C//DTD XHTML 1.0 Transitional//EN"
    "http://www.w3.org/TR/xhtml1/DTD/xhtml1-transitional.dtd">
<html xmlns="http://www.w3.org/1999/xhtml" xml:lang="en" lang="en">
 <head>
  <title>
</title>
<meta http-equiv="Content-Type" content="text/html;charset=utf-8" />
  <meta name='ocr-system' content='tesseract 3.04.00' />
  <meta name='ocr-capabilities' content='ocr_page ocr_carea ocr_par ocr_line ocrx_word'/>
</head>
<body>
  <div class='ocr_page' id='page_1' title='image "./dantisalligheri02wittgoog_0196.png"; bbox 0 0 2910 4876; ppageno 0'>
   <div class='ocr_carea' id='block_1_1' title="bbox 376 302 1201 363">
    <p class='ocr_par' dir='ltr' id='par_1_1' title="bbox 376 302 1201 363">
     <span class='ocr_line' id='line_1_1' title="bbox 376 302 1201 363; baseline 0.006 -5"><span class='ocrx_word' id='word_1_1' title='bbox 376 303 512 358; x_wconf 85' lang='lat' dir='ltr'>DANTIS</span> <span class='ocrx_word' id='word_1_2' title='bbox 530 302 750 358; x_wconf 80' lang='lat' dir='ltr'><strong>MONAROHIA</strong></span> <span class='ocrx_word' id='word_1_3' title='bbox 767 304 815 357; x_wconf 89' lang='grc' dir='ltr'><strong>ΙΠ,</strong></span> <span class='ocrx_word' id='word_1_4' title='bbox 835 303 864 358; x_wconf 83' lang='lat' dir='ltr'><strong>O.</strong></span> <span class='ocrx_word' id='word_1_5' title='bbox 883 309 910 358; x_wconf 79' lang='lat'><strong>4.</strong></span> <span class='ocrx_word' id='word_1_6' title='bbox 1143 306 1201 363; x_wconf 83' lang='lat' dir='ltr'><strong>lut</strong></span> 
     </span>
    </p>
   </div>
   <div class='ocr_carea' id='block_1_2' title="bbox 83 474 1256 1477">
    <p class='ocr_par' dir='ltr' id='par_1_2' title="bbox 83 474 1256 1477">
     <span class='ocr_line' id='line_1_2' title="bbox 167 474 1253 560; baseline 0.001 -17"><span class='ocrx_word' id='word_1_7' title='bbox 167 478 227 543; x_wconf 89' lang='lat' dir='ltr'><strong>His</strong></span> <span class='ocrx_word' id='word_1_8' title='bbox 250 477 357 559; x_wconf 89' lang='lat' dir='ltr'><strong>itaque</strong></span> <span class='ocrx_word' id='word_1_9' title='bbox 379 474 592 560; x_wconf 89' lang='lat' dir='ltr'><strong>praenotatis,</strong></span> <span class='ocrx_word' id='word_1_10' title='bbox 622 475 664 540; x_wconf 90' lang='lat' dir='ltr'><strong>ad</strong></span> <span class='ocrx_word' id='word_1_11' title='bbox 692 474 727 540; x_wconf 93' lang='lat' dir='ltr'><strong>id</strong></span> <span class='ocrx_word' id='word_1_12' title='bbox 749 474 836 558; x_wconf 90' lang='lat' dir='ltr'><strong>quod</strong></span> <span class='ocrx_word' id='word_1_13' title='bbox 864 475 1009 559; x_wconf 88' lang='lat' dir='ltr'><strong>superius</strong></span> <span class='ocrx_word' id='word_1_14' title='bbox 1039 477 1203 544; x_wconf 78' lang='lat' dir='ltr'>dicebatur</span> <span class='ocrx_word' id='word_1_15' title='bbox 1221 499 1253 551; x_wconf 81' lang='grc'><strong>11</strong></span> 
     </span>
     <span class='ocr_line' id='line_1_3' title="bbox 88 576 1203 664; baseline 0.001 -18"><span class='ocrx_word' id='word_1_16' title='bbox 88 579 155 646; x_wconf 85' lang='grc'>(11((</span> <span class='ocrx_word' id='word_1_17' title='bbox 177 600 235 664; x_wconf 89' lang='lat' dir='ltr'><strong>per</strong></span> <span class='ocrx_word' id='word_1_18' title='bbox 256 577 532 661; x_wconf 76' lang='lat' dir='ltr'><strong>interemptionem</strong></span> <span class='ocrx_word' id='word_1_19' title='bbox 553 577 639 643; x_wconf 89' lang='lat' dir='ltr'><strong>illius</strong></span> <span class='ocrx_word' id='word_1_20' title='bbox 662 576 754 662; x_wconf 87' lang='lat' dir='ltr'><strong>dicti,</strong></span> <span class='ocrx_word' id='word_1_21' title='bbox 779 576 864 659; x_wconf 93' lang='lat' dir='ltr'><strong>quod</strong></span> <span class='ocrx_word' id='word_1_22' title='bbox 888 576 1010 644; x_wconf 90' lang='lat' dir='ltr'><strong>dicunt:</strong></span> <span class='ocrx_word' id='word_1_23' title='bbox 1039 579 1098 644; x_wconf 89' lang='lat' dir='ltr'><strong>illa</strong></span> <span class='ocrx_word' id='word_1_24' title='bbox 1127 579 1203 647; x_wconf 91' lang='lat' dir='ltr'><strong>duo</strong></span> 
     </span>
     <span class='ocr_line' id='line_1_4' title="bbox 85 678 1203 766; baseline 0 -18"><span class='ocrx_word' id='word_1_25' title='bbox 85 681 299 748; x_wconf 92' lang='lat' dir='ltr'><strong>luminaria</strong></span> <span class='ocrx_word' id='word_1_26' title='bbox 328 680 435 766; x_wconf 80' lang='lat' dir='ltr'><strong>typice</strong></span> <span class='ocrx_word' id='word_1_27' title='bbox 464 679 635 763; x_wconf 83' lang='lat' dir='ltr'><strong>importare</strong></span> <span class='ocrx_word' id='word_1_28' title='bbox 664 679 727 746; x_wconf 92' lang='lat' dir='ltr'><strong>duo</strong></span> <span class='ocrx_word' id='word_1_29' title='bbox 765 678 845 744; x_wconf 89' lang='lat' dir='ltr'><strong>haec</strong></span> <span class='ocrx_word' id='word_1_30' title='bbox 872 680 1042 764; x_wconf 85' lang='lat' dir='ltr'><strong>regimina,</strong></span> <span class='ocrx_word' id='word_1_31' title='bbox 1074 680 1107 746; x_wconf 91' lang='lat' dir='ltr'><strong>in</strong></span> <span class='ocrx_word' id='word_1_32' title='bbox 1140 702 1203 765; x_wconf 94' lang='lat' dir='ltr'><strong>quo</strong></span> 
     </span>
     <span class='ocr_line' id='line_1_5' title="bbox 85 780 1204 867; baseline 0.001 -18"><span class='ocrx_word' id='word_1_33' title='bbox 85 783 213 867; x_wconf 88' lang='lat' dir='ltr'><strong>quidem</strong></span> <span class='ocrx_word' id='word_1_34' title='bbox 235 782 319 849; x_wconf 93' lang='lat' dir='ltr'><strong>dicto</strong></span> <span class='ocrx_word' id='word_1_35' title='bbox 342 788 411 849; x_wconf 89' lang='lat' dir='ltr'><strong>tota</strong></span> <span class='ocrx_word' id='word_1_36' title='bbox 431 781 481 847; x_wconf 85' lang='lat' dir='ltr'><strong>ris</strong></span> <span class='ocrx_word' id='word_1_37' title='bbox 503 782 681 863; x_wconf 90' lang='lat' dir='ltr'><strong>argumenti</strong></span> <span class='ocrx_word' id='word_1_38' title='bbox 706 780 858 847; x_wconf 87' lang='lat' dir='ltr'><strong>consistit.</strong></span> <span class='ocrx_word' id='word_1_39' title='bbox 903 781 997 860; x_wconf 81' lang='lat' dir='ltr'><strong>Quod</strong></span> <span class='ocrx_word' id='word_1_40' title='bbox 1018 787 1126 848; x_wconf 92' lang='lat' dir='ltr'><strong>autem</strong></span> <span class='ocrx_word' id='word_1_41' title='bbox 1147 784 1204 850; x_wconf 93' lang='lat' dir='ltr'><strong>ille</strong></span> 
     </span>
     <span class='ocr_line' id='line_1_6' title="bbox 83 881 1203 967; baseline 0 -17"><span class='ocrx_word' id='word_1_42' title='bbox 83 905 193 952; x_wconf 86' lang='lat' dir='ltr'><strong>sensns</strong></span> <span class='ocrx_word' id='word_1_43' title='bbox 216 884 342 951; x_wconf 91' lang='lat' dir='ltr'><strong>omnino</strong></span> <span class='ocrx_word' id='word_1_44' title='bbox 358 881 506 948; x_wconf 84' lang='lat' dir='ltr'><strong>sustineri</strong></span> <span class='ocrx_word' id='word_1_45' title='bbox 520 903 583 949; x_wconf 94' lang='lat' dir='ltr'><strong>non</strong></span> <span class='ocrx_word' id='word_1_46' title='bbox 597 883 708 967; x_wconf 85' lang='lat' dir='ltr'><strong>possit,</strong></span> <span class='ocrx_word' id='word_1_47' title='bbox 732 881 851 967; x_wconf 76' lang='lat' dir='ltr'><strong>duplici</strong></span> <span class='ocrx_word' id='word_1_48' title='bbox 874 882 929 947; x_wconf 85' lang='lat' dir='ltr'><strong>via</strong></span> <span class='ocrx_word' id='word_1_49' title='bbox 943 889 1050 967; x_wconf 90' lang='lat' dir='ltr'><strong>potest</strong></span> <span class='ocrx_word' id='word_1_50' title='bbox 1069 884 1203 950; x_wconf 90' lang='lat' dir='ltr'><strong>ostendi.</strong></span> 
     </span>
     <span class='ocr_line' id='line_1_7' title="bbox 83 983 1255 1070; baseline -0.001 -17"><span class='ocrx_word' id='word_1_51' title='bbox 83 988 205 1070; x_wconf 78' lang='lat' dir='ltr'><strong>Primo,</strong></span> <span class='ocrx_word' id='word_1_52' title='bbox 229 987 304 1067; x_wconf 87' lang='lat' dir='ltr'><strong>quia</strong></span> <span class='ocrx_word' id='word_1_53' title='bbox 327 1004 423 1066; x_wconf 89' lang='lat' dir='ltr'><strong>quum</strong></span> <span class='ocrx_word' id='word_1_54' title='bbox 436 984 627 1068; x_wconf 75' lang='lat' dir='ltr'><strong>&#39;hujusmodi</strong></span> <span class='ocrx_word' id='word_1_55' title='bbox 649 983 805 1065; x_wconf 88' lang='lat' dir='ltr'><strong>regimina</strong></span> <span class='ocrx_word' id='word_1_56' title='bbox 828 983 890 1050; x_wconf 85' lang='lat' dir='ltr'><strong>sint</strong></span> <span class='ocrx_word' id='word_1_57' title='bbox 905 983 1084 1052; x_wconf 90' lang='lat' dir='ltr'><strong>accidentia</strong></span> <span class='ocrx_word' id='word_1_58' title='bbox 1107 1006 1202 1067; x_wconf 87' lang='lat' dir='ltr'><strong>quae-</strong></span> <span class='ocrx_word' id='word_1_59' title='bbox 1222 997 1255 1059; x_wconf 79' lang='lat' dir='ltr'><strong>io</strong></span> 
     </span>
     <span class='ocr_line' id='line_1_8' title="bbox 84 1085 1204 1172; baseline 0.001 -20"><span class='ocrx_word' id='word_1_60' title='bbox 84 1087 157 1152; x_wconf 91' lang='lat' dir='ltr'><strong>dam</strong></span> <span class='ocrx_word' id='word_1_61' title='bbox 180 1087 280 1172; x_wconf 88' lang='lat' dir='ltr'><strong>ipsius</strong></span> <span class='ocrx_word' id='word_1_62' title='bbox 302 1085 456 1169; x_wconf 89' lang='lat' dir='ltr'><strong>hominis,</strong></span> <span class='ocrx_word' id='word_1_63' title='bbox 479 1085 641 1153; x_wconf 85' lang='lat' dir='ltr'><strong>videretur</strong></span> <span class='ocrx_word' id='word_1_64' title='bbox 662 1087 752 1152; x_wconf 89' lang='lat' dir='ltr'><strong>Deus</strong></span> <span class='ocrx_word' id='word_1_65' title='bbox 780 1106 856 1152; x_wconf 86' lang='lat' dir='ltr'><strong>usus</strong></span> <span class='ocrx_word' id='word_1_66' title='bbox 877 1085 975 1151; x_wconf 84' lang='lat' dir='ltr'><strong>fuisse</strong></span> <span class='ocrx_word' id='word_1_67' title='bbox 999 1085 1111 1153; x_wconf 87' lang='lat' dir='ltr'><strong>ordine</strong></span> <span class='ocrx_word' id='word_1_68' title='bbox 1132 1108 1204 1171; x_wconf 90' lang='lat' dir='ltr'><strong>per-</strong></span> 
     </span>
     <span class='ocr_line' id='line_1_9' title="bbox 84 1186 1204 1274; baseline 0.001 -18"><span class='ocrx_word' id='word_1_69' title='bbox 84 1210 193 1273; x_wconf 87' lang='lat' dir='ltr'><strong>verso,</strong></span> <span class='ocrx_word' id='word_1_70' title='bbox 227 1186 406 1254; x_wconf 87' lang='lat' dir='ltr'><strong>accidentia</strong></span> <span class='ocrx_word' id='word_1_71' title='bbox 427 1188 515 1272; x_wconf 87' lang='lat' dir='ltr'><strong>prius</strong></span> <span class='ocrx_word' id='word_1_72' title='bbox 540 1186 760 1273; x_wconf 87' lang='lat' dir='ltr'><strong>producendo,</strong></span> <span class='ocrx_word' id='word_1_73' title='bbox 790 1208 885 1270; x_wconf 90' lang='lat' dir='ltr'><strong>quam</strong></span> <span class='ocrx_word' id='word_1_74' title='bbox 913 1188 1076 1272; x_wconf 90' lang='lat' dir='ltr'><strong>proprium</strong></span> <span class='ocrx_word' id='word_1_75' title='bbox 1099 1189 1204 1274; x_wconf 90' lang='lat' dir='ltr'><strong>subje-</strong></span> 
     </span>
     <span class='ocr_line' id='line_1_10' title="bbox 85 1286 1205 1374; baseline 0.002 -18"><span class='ocrx_word' id='word_1_76' title='bbox 85 1295 183 1374; x_wconf 82' lang='lat' dir='ltr'><strong>ctum3</strong></span> <span class='ocrx_word' id='word_1_77' title='bbox 215 1288 302 1371; x_wconf 89' lang='lat' dir='ltr'><strong>quod</strong></span> <span class='ocrx_word' id='word_1_78' title='bbox 329 1287 502 1356; x_wconf 87' lang='lat' dir='ltr'><strong>absurdum</strong></span> <span class='ocrx_word' id='word_1_79' title='bbox 531 1295 580 1353; x_wconf 92' lang='grc'><strong>(11</strong></span> <span class='ocrx_word' id='word_1_80' title='bbox 608 1286 714 1356; x_wconf 91' lang='lat' dir='ltr'><strong>dicere</strong></span> <span class='ocrx_word' id='word_1_81' title='bbox 746 1289 786 1357; x_wconf 92' lang='grc'><strong>(1(</strong></span> <span class='ocrx_word' id='word_1_82' title='bbox 814 1290 894 1357; x_wconf 92' lang='lat' dir='ltr'><strong>Deo.</strong></span> <span class='ocrx_word' id='word_1_83' title='bbox 943 1291 1027 1356; x_wconf 88' lang='lat' dir='ltr'><strong>Nam</strong></span> <span class='ocrx_word' id='word_1_84' title='bbox 1055 1290 1113 1355; x_wconf 91' lang='lat' dir='ltr'><strong>illa</strong></span> <span class='ocrx_word' id='word_1_85' title='bbox 1141 1290 1205 1358; x_wconf 92' lang='lat' dir='ltr'><strong>duo</strong></span> 
     </span>
     <span class='ocr_line' id='line_1_11' title="bbox 83 1389 1256 1477; baseline -0.001 -19"><span class='ocrx_word' id='word_1_86' title='bbox 83 1392 254 1459; x_wconf 90' lang='lat' dir='ltr'><strong>luminaria</strong></span> <span class='ocrx_word' id='word_1_87' title='bbox 275 1389 431 1476; x_wconf 91' lang='lat' dir='ltr'><strong>producta</strong></span> <span class='ocrx_word' id='word_1_88' title='bbox 458 1397 533 1456; x_wconf 89' lang='lat' dir='ltr'><strong>sunt</strong></span> <span class='ocrx_word' id='word_1_89' title='bbox 560 1389 613 1456; x_wconf 93' lang='lat' dir='ltr'><strong>die</strong></span> <span class='ocrx_word' id='word_1_90' title='bbox 636 1397 763 1475; x_wconf 86' lang='lat' dir='ltr'><strong>quarto,</strong></span> <span class='ocrx_word' id='word_1_91' title='bbox 794 1397 826 1457; x_wconf 93' lang='lat' dir='ltr'><strong>et</strong></span> <span class='ocrx_word' id='word_1_92' title='bbox 847 1392 943 1457; x_wconf 92' lang='lat' dir='ltr'><strong>homo</strong></span> <span class='ocrx_word' id='word_1_93' title='bbox 966 1391 1019 1459; x_wconf 91' lang='lat' dir='ltr'><strong>die</strong></span> <span class='ocrx_word' id='word_1_94' title='bbox 1041 1398 1147 1477; x_wconf 80' lang='lat' dir='ltr'><strong>sext03</strong></span> <span class='ocrx_word' id='word_1_95' title='bbox 1172 1399 1207 1458; x_wconf 93' lang='lat' dir='ltr'><strong>ut</strong></span> <span class='ocrx_word' id='word_1_96' title='bbox 1255 1436 1256 1439; x_wconf 20' lang='grc' dir='ltr'><strong>κ</strong></span> 
     </span>
    </p>
   </div>
   <div class='ocr_carea' id='block_1_3' title="bbox 83 1493 350 1580">
    <p class='ocr_par' dir='ltr' id='par_1_3' title="bbox 83 1493 350 1580">
     <span class='ocr_line' id='line_1_12' title="bbox 83 1493 350 1580; baseline 0 -21"><span class='ocrx_word' id='word_1_97' title='bbox 83 1500 173 1580; x_wconf 89' lang='lat' dir='ltr'><strong>patet</strong></span> <span class='ocrx_word' id='word_1_98' title='bbox 194 1493 227 1557; x_wconf 95' lang='lat' dir='ltr'><strong>in</strong></span> <span class='ocrx_word' id='word_1_99' title='bbox 249 1493 350 1559; x_wconf 89' lang='lat' dir='ltr'><strong>litera.</strong></span> 
     </span>
    </p>
   </div>
   <div class='ocr_carea' id='block_1_4' title="bbox 1225 1518 1256 1568">
    <p class='ocr_par' dir='ltr' id='par_1_4' title="bbox 1225 1518 1256 1568">
     <span class='ocr_line' id='line_1_13' title="bbox 1225 1518 1256 1568; baseline 0.032 -1"><span class='ocrx_word' id='word_1_100' title='bbox 1225 1518 1256 1568; x_wconf 80' lang='lat'><strong>75</strong></span> 
     </span>
    </p>
   </div>
   <div class='ocr_carea' id='block_1_5' title="bbox 83 1592 1207 1982">
    <p class='ocr_par' dir='ltr' id='par_1_5' title="bbox 83 1592 1207 1982">
     <span class='ocr_line' id='line_1_14' title="bbox 169 1592 1205 1677; baseline 0.001 -19"><span class='ocrx_word' id='word_1_101' title='bbox 169 1595 356 1677; x_wconf 84' lang='lat' dir='ltr'><strong>Praeterea,</strong></span> <span class='ocrx_word' id='word_1_102' title='bbox 386 1612 482 1675; x_wconf 89' lang='lat' dir='ltr'><strong>quum</strong></span> <span class='ocrx_word' id='word_1_103' title='bbox 504 1592 567 1657; x_wconf 88' lang='lat' dir='ltr'><strong>ista</strong></span> <span class='ocrx_word' id='word_1_104' title='bbox 588 1593 744 1674; x_wconf 82' lang='lat' dir='ltr'><strong>regimina</strong></span> <span class='ocrx_word' id='word_1_105' title='bbox 771 1594 835 1659; x_wconf 90' lang='lat' dir='ltr'><strong>sint</strong></span> <span class='ocrx_word' id='word_1_106' title='bbox 864 1594 1026 1660; x_wconf 90' lang='lat' dir='ltr'><strong>hominurn</strong></span> <span class='ocrx_word' id='word_1_107' title='bbox 1051 1593 1205 1667; x_wconf 85' lang='lat' dir='ltr'><strong>directiva</strong></span> 
     </span>
     <span class='ocr_line' id='line_1_15' title="bbox 83 1693 1207 1779; baseline 0.001 -18"><span class='ocrx_word' id='word_1_108' title='bbox 83 1697 117 1761; x_wconf 92' lang='lat' dir='ltr'><strong>in</strong></span> <span class='ocrx_word' id='word_1_109' title='bbox 139 1695 296 1779; x_wconf 89' lang='lat' dir='ltr'><strong>quosdam</strong></span> <span class='ocrx_word' id='word_1_110' title='bbox 317 1694 405 1777; x_wconf 86' lang='lat' dir='ltr'><strong>fines,</strong></span> <span class='ocrx_word' id='word_1_111' title='bbox 428 1700 462 1758; x_wconf 92' lang='lat' dir='ltr'><strong>ut</strong></span> <span class='ocrx_word' id='word_1_112' title='bbox 484 1693 566 1759; x_wconf 84' lang='lat' dir='ltr'><strong>infra</strong></span> <span class='ocrx_word' id='word_1_113' title='bbox 580 1695 714 1779; x_wconf 86' lang='lat' dir='ltr'><strong>patebit,</strong></span> <span class='ocrx_word' id='word_1_114' title='bbox 737 1696 765 1761; x_wconf 91' lang='lat' dir='ltr'><strong>si</strong></span> <span class='ocrx_word' id='word_1_115' title='bbox 786 1696 882 1761; x_wconf 95' lang='lat' dir='ltr'><strong>homo</strong></span> <span class='ocrx_word' id='word_1_116' title='bbox 905 1696 1044 1764; x_wconf 80' lang='lat' dir='ltr'><strong>stetisset</strong></span> <span class='ocrx_word' id='word_1_117' title='bbox 1065 1696 1098 1759; x_wconf 95' lang='lat' dir='ltr'><strong>in</strong></span> <span class='ocrx_word' id='word_1_118' title='bbox 1121 1703 1207 1762; x_wconf 87' lang='lat' dir='ltr'><strong>statu</strong></span> 
     </span>
     <span class='ocr_line' id='line_1_16' title="bbox 84 1796 1205 1881; baseline -0.002 -17"><span class='ocrx_word' id='word_1_119' title='bbox 84 1797 299 1881; x_wconf 82' lang='lat' dir='ltr'><strong>innocentiae,</strong></span> <span class='ocrx_word' id='word_1_120' title='bbox 321 1797 355 1861; x_wconf 91' lang='lat' dir='ltr'><strong>in</strong></span> <span class='ocrx_word' id='word_1_121' title='bbox 378 1816 440 1878; x_wconf 89' lang='lat' dir='ltr'><strong>quo</strong></span> <span class='ocrx_word' id='word_1_122' title='bbox 463 1816 483 1860; x_wconf 93' lang='lat' dir='ltr'><strong>a</strong></span> <span class='ocrx_word' id='word_1_123' title='bbox 503 1797 575 1862; x_wconf 91' lang='lat' dir='ltr'><strong>Deo</strong></span> <span class='ocrx_word' id='word_1_124' title='bbox 597 1796 699 1862; x_wconf 80' lang='lat' dir='ltr'><strong>factrus</strong></span> <span class='ocrx_word' id='word_1_125' title='bbox 721 1803 785 1881; x_wconf 83' lang='lat' dir='ltr'><strong>est,</strong></span> <span class='ocrx_word' id='word_1_126' title='bbox 814 1798 933 1863; x_wconf 87' lang='lat' dir='ltr'><strong>talibus</strong></span> <span class='ocrx_word' id='word_1_127' title='bbox 958 1796 1121 1864; x_wconf 84' lang='lat' dir='ltr'><strong>directivis</strong></span> <span class='ocrx_word' id='word_1_128' title='bbox 1142 1818 1205 1864; x_wconf 92' lang='lat' dir='ltr'><strong>non</strong></span> 
     </span>
     <span class='ocr_line' id='line_1_17' title="bbox 84 1897 1206 1982; baseline -0.002 -16"><span class='ocrx_word' id='word_1_129' title='bbox 84 1901 282 1982; x_wconf 80' lang='lat' dir='ltr'><strong>indiguisset.</strong></span> <span class='ocrx_word' id='word_1_130' title='bbox 328 1897 408 1963; x_wconf 84' lang='lat' dir='ltr'><strong>Sunt</strong></span> <span class='ocrx_word' id='word_1_131' title='bbox 436 1915 511 1979; x_wconf 88' lang='lat' dir='ltr'><strong>ergo</strong></span> <span class='ocrx_word' id='word_1_132' title='bbox 534 1897 718 1982; x_wconf 90' lang='lat' dir='ltr'><strong>hujusmodi</strong></span> <span class='ocrx_word' id='word_1_133' title='bbox 745 1898 901 1981; x_wconf 81' lang='lat' dir='ltr'><strong>regimina</strong></span> <span class='ocrx_word' id='word_1_134' title='bbox 929 1900 1073 1966; x_wconf 89' lang='lat' dir='ltr'><strong>remedia</strong></span> <span class='ocrx_word' id='word_1_135' title='bbox 1096 1903 1206 1965; x_wconf 89' lang='lat' dir='ltr'><strong>eontra</strong></span> 
     </span>
    </p>
   </div>
   <div class='ocr_carea' id='block_1_6' title="bbox 84 1999 1260 2594">
    <p class='ocr_par' dir='ltr' id='par_1_6' title="bbox 84 1999 1260 2594">
     <span class='ocr_line' id='line_1_18' title="bbox 84 1999 1257 2085; baseline -0.005 -18"><span class='ocrx_word' id='word_1_136' title='bbox 84 2001 301 2067; x_wconf 88' lang='lat' dir='ltr'><strong>infirmitatem</strong></span> <span class='ocrx_word' id='word_1_137' title='bbox 322 1999 455 2085; x_wconf 87' lang='lat' dir='ltr'><strong>peccati.</strong></span> <span class='ocrx_word' id='word_1_138' title='bbox 500 2001 604 2080; x_wconf 77' lang='lat' dir='ltr'><strong>Quum</strong></span> <span class='ocrx_word' id='word_1_139' title='bbox 633 2020 709 2083; x_wconf 91' lang='lat' dir='ltr'><strong>ergo</strong></span> <span class='ocrx_word' id='word_1_140' title='bbox 737 2022 801 2067; x_wconf 93' lang='lat' dir='ltr'><strong>non</strong></span> <span class='ocrx_word' id='word_1_141' title='bbox 829 2001 932 2067; x_wconf 92' lang='lat' dir='ltr'><strong>solum</strong></span> <span class='ocrx_word' id='word_1_142' title='bbox 961 2001 994 2066; x_wconf 91' lang='lat' dir='ltr'><strong>in</strong></span> <span class='ocrx_word' id='word_1_143' title='bbox 1017 2001 1069 2067; x_wconf 90' lang='lat' dir='ltr'><strong>dic</strong></span> <span class='ocrx_word' id='word_1_144' title='bbox 1092 2007 1205 2083; x_wconf 89' lang='lat' dir='ltr'><strong>quarto</strong></span> <span class='ocrx_word' id='word_1_145' title='bbox 1224 2012 1257 2062; x_wconf 82' lang='lat'><strong>80</strong></span> 
     </span>
     <span class='ocr_line' id='line_1_19' title="bbox 84 2102 1209 2188; baseline -0.003 -17"><span class='ocrx_word' id='word_1_146' title='bbox 84 2109 277 2188; x_wconf 87' lang='lat' dir='ltr'><strong>peccator</strong></span> <span class='ocrx_word' id='word_1_147' title='bbox 299 2103 394 2168; x_wconf 92' lang='lat' dir='ltr'><strong>homo</strong></span> <span class='ocrx_word' id='word_1_148' title='bbox 415 2122 480 2168; x_wconf 93' lang='lat' dir='ltr'><strong>non</strong></span> <span class='ocrx_word' id='word_1_149' title='bbox 502 2109 584 2186; x_wconf 86' lang='lat' dir='ltr'><strong>erat,</strong></span> <span class='ocrx_word' id='word_1_150' title='bbox 608 2102 778 2169; x_wconf 90' lang='lat' dir='ltr'><strong>sedetiam</strong></span> <span class='ocrx_word' id='word_1_151' title='bbox 801 2103 987 2186; x_wconf 90' lang='lat' dir='ltr'><strong>simpliciter</strong></span> <span class='ocrx_word' id='word_1_152' title='bbox 1009 2104 1123 2169; x_wconf 93' lang='lat' dir='ltr'><strong>homo</strong></span> <span class='ocrx_word' id='word_1_153' title='bbox 1146 2124 1209 2170; x_wconf 93' lang='lat' dir='ltr'><strong>non</strong></span> 
     </span>
     <span class='ocr_line' id='line_1_20' title="bbox 87 2202 1210 2290; baseline -0.004 -18"><span class='ocrx_word' id='word_1_154' title='bbox 87 2209 169 2290; x_wconf 87' lang='lat' dir='ltr'><strong>erat,</strong></span> <span class='ocrx_word' id='word_1_155' title='bbox 198 2203 374 2288; x_wconf 91' lang='lat' dir='ltr'><strong>producere</strong></span> <span class='ocrx_word' id='word_1_156' title='bbox 409 2202 552 2269; x_wconf 89' lang='lat' dir='ltr'><strong>remedia</strong></span> <span class='ocrx_word' id='word_1_157' title='bbox 578 2204 691 2271; x_wconf 82' lang='lat' dir='ltr'><strong>fuisset</strong></span> <span class='ocrx_word' id='word_1_158' title='bbox 719 2205 871 2288; x_wconf 88' lang='lat' dir='ltr'><strong>otiosum,</strong></span> <span class='ocrx_word' id='word_1_159' title='bbox 910 2204 996 2286; x_wconf 91' lang='lat' dir='ltr'><strong>quod</strong></span> <span class='ocrx_word' id='word_1_160' title='bbox 1025 2211 1073 2271; x_wconf 85' lang='lat' dir='ltr'><strong>est</strong></span> <span class='ocrx_word' id='word_1_161' title='bbox 1101 2209 1210 2272; x_wconf 90' lang='lat' dir='ltr'><strong>contra</strong></span> 
     </span>
     <span class='ocr_line' id='line_1_21' title="bbox 88 2303 1210 2389; baseline -0.002 -16"><span class='ocrx_word' id='word_1_162' title='bbox 88 2307 229 2373; x_wconf 87' lang='lat' dir='ltr'><strong>divinam</strong></span> <span class='ocrx_word' id='word_1_163' title='bbox 251 2306 435 2373; x_wconf 90' lang='lat' dir='ltr'><strong>bonitatem.</strong></span> <span class='ocrx_word' id='word_1_164' title='bbox 489 2303 612 2372; x_wconf 83' lang='lat' dir='ltr'><strong>Stultus</strong></span> <span class='ocrx_word' id='word_1_165' title='bbox 641 2304 725 2372; x_wconf 91' lang='lat' dir='ltr'><strong>enim</strong></span> <span class='ocrx_word' id='word_1_166' title='bbox 756 2312 842 2372; x_wconf 90' lang='lat' dir='ltr'><strong>esset</strong></span> <span class='ocrx_word' id='word_1_167' title='bbox 863 2305 1022 2389; x_wconf 85' lang='lat' dir='ltr'><strong>medicus,</strong></span> <span class='ocrx_word' id='word_1_168' title='bbox 1053 2305 1210 2386; x_wconf 89' lang='lat' dir='ltr'><strong>quiante</strong></span> 
     </span>
     <span class='ocr_line' id='line_1_22' title="bbox 86 2406 1210 2492; baseline -0.003 -16"><span class='ocrx_word' id='word_1_169' title='bbox 86 2410 287 2476; x_wconf 86' lang='lat' dir='ltr'><strong>nativitatem</strong></span> <span class='ocrx_word' id='word_1_170' title='bbox 309 2406 461 2491; x_wconf 81' lang='lat' dir='ltr'><strong>hominis,</strong></span> <span class='ocrx_word' id='word_1_171' title='bbox 484 2428 541 2492; x_wconf 94' lang='lat' dir='ltr'><strong>pro</strong></span> <span class='ocrx_word' id='word_1_172' title='bbox 566 2412 764 2491; x_wconf 87' lang='lat' dir='ltr'><strong>apostemate</strong></span> <span class='ocrx_word' id='word_1_173' title='bbox 785 2406 906 2491; x_wconf 82' lang='lat' dir='ltr'><strong>fiuturo,</strong></span> <span class='ocrx_word' id='word_1_174' title='bbox 932 2407 982 2472; x_wconf 93' lang='lat' dir='ltr'><strong>illi</strong></span> <span class='ocrx_word' id='word_1_175' title='bbox 1003 2407 1210 2492; x_wconf 87' lang='lat' dir='ltr'><strong>emplastrum</strong></span> 
     </span>
     <span class='ocr_line' id='line_1_23' title="bbox 88 2507 1260 2594; baseline -0.003 -17"><span class='ocrx_word' id='word_1_176' title='bbox 88 2510 263 2578; x_wconf 86' lang='lat' dir='ltr'><strong>conficeret.</strong></span> <span class='ocrx_word' id='word_1_177' title='bbox 307 2508 380 2575; x_wconf 90' lang='lat' dir='ltr'><strong>Non</strong></span> <span class='ocrx_word' id='word_1_178' title='bbox 402 2507 498 2589; x_wconf 91' lang='lat' dir='ltr'><strong>igitur</strong></span> <span class='ocrx_word' id='word_1_179' title='bbox 520 2507 690 2576; x_wconf 91' lang='lat' dir='ltr'><strong>dicendum</strong></span> <span class='ocrx_word' id='word_1_180' title='bbox 713 2515 777 2594; x_wconf 81' lang='lat' dir='ltr'><strong>est,</strong></span> <span class='ocrx_word' id='word_1_181' title='bbox 801 2507 887 2591; x_wconf 90' lang='lat' dir='ltr'><strong>quod</strong></span> <span class='ocrx_word' id='word_1_182' title='bbox 909 2512 1023 2590; x_wconf 89' lang='lat' dir='ltr'><strong>quarto</strong></span> <span class='ocrx_word' id='word_1_183' title='bbox 1046 2507 1098 2575; x_wconf 91' lang='lat' dir='ltr'><strong>die</strong></span> <span class='ocrx_word' id='word_1_184' title='bbox 1120 2509 1210 2575; x_wconf 91' lang='lat' dir='ltr'><strong>Deus</strong></span> <span class='ocrx_word' id='word_1_185' title='bbox 1228 2520 1260 2573; x_wconf 81' lang='grc'><strong>11</strong></span> 
     </span>
    </p>
   </div>
   <div class='ocr_carea' id='block_1_7' title="bbox 113 2694 628 4036">
    <p class='ocr_par' dir='ltr' id='par_1_7' title="bbox 113 2694 628 3442">
     <span class='ocr_line' id='line_1_24' title="bbox 113 2694 621 2766; baseline -0.002 -18"><span class='ocrx_word' id='word_1_186' title='bbox 113 2697 136 2730; x_wconf 85' lang='grc'><strong>11</strong></span> <span class='ocrx_word' id='word_1_187' title='bbox 152 2695 186 2748; x_wconf 93' lang='lat' dir='ltr'><strong>H.</strong></span> <span class='ocrx_word' id='word_1_188' title='bbox 204 2695 266 2750; x_wconf 88' lang='lat' dir='ltr'><strong>dico</strong></span> <span class='ocrx_word' id='word_1_189' title='bbox 284 2710 341 2766; x_wconf 82' lang='lat' dir='ltr'><strong>pre</strong></span> <span class='ocrx_word' id='word_1_190' title='bbox 361 2694 566 2764; x_wconf 77' lang='lat' dir='ltr'><strong>interemptione</strong></span> <span class='ocrx_word' id='word_1_191' title='bbox 588 2724 621 2734; x_wconf 93' lang='lat'><strong>—-</strong></span> 
     </span>
     <span class='ocr_line' id='line_1_25' title="bbox 155 2778 622 2849; baseline -0.009 -16"><span class='ocrx_word' id='word_1_192' title='bbox 155 2780 186 2833; x_wconf 90' lang='lat' dir='ltr'><strong>V.</strong></span> <span class='ocrx_word' id='word_1_193' title='bbox 216 2778 277 2834; x_wconf 86' lang='lat' dir='ltr'><strong>dico</strong></span> <span class='ocrx_word' id='word_1_194' title='bbox 298 2795 354 2849; x_wconf 90' lang='lat' dir='ltr'><strong>per</strong></span> <span class='ocrx_word' id='word_1_195' title='bbox 380 2779 559 2832; x_wconf 75' lang='lat' dir='ltr'><strong>intencionem</strong></span> <span class='ocrx_word' id='word_1_196' title='bbox 588 2809 622 2818; x_wconf 91' lang='lat'>—</span> 
     </span>
     <span class='ocr_line' id='line_1_26' title="bbox 154 2863 623 2933; baseline -0.004 -15"><span class='ocrx_word' id='word_1_197' title='bbox 154 2864 187 2918; x_wconf 79' lang='lat' dir='ltr'><strong>A.</strong></span> <span class='ocrx_word' id='word_1_198' title='bbox 214 2864 275 2917; x_wconf 88' lang='lat' dir='ltr'><strong>dieo</strong></span> <span class='ocrx_word' id='word_1_199' title='bbox 300 2863 375 2933; x_wconf 80' lang='lat' dir='ltr'><strong>quod</strong></span> <span class='ocrx_word' id='word_1_200' title='bbox 397 2864 571 2917; x_wconf 84' lang='lat' dir='ltr'><strong>intentionenr</strong></span> <span class='ocrx_word' id='word_1_201' title='bbox 588 2893 623 2902; x_wconf 91' lang='lat'><strong>-—</strong></span> 
     </span>
     <span class='ocr_line' id='line_1_27' title="bbox 153 2948 622 3019; baseline -0.006 -16"><span class='ocrx_word' id='word_1_202' title='bbox 153 2949 192 3003; x_wconf 93' lang='lat' dir='ltr'><strong>M.</strong></span> <span class='ocrx_word' id='word_1_203' title='bbox 214 2949 274 3003; x_wconf 85' lang='lat' dir='ltr'><strong>dieo</strong></span> <span class='ocrx_word' id='word_1_204' title='bbox 294 2965 348 3019; x_wconf 92' lang='lat' dir='ltr'><strong>per</strong></span> <span class='ocrx_word' id='word_1_205' title='bbox 372 2948 622 3019; x_wconf 81' lang='lat' dir='ltr'><strong>interpretationem</strong></span> 
     </span>
     <span class='ocr_line' id='line_1_28' title="bbox 172 3031 624 3103; baseline -0.002 -17"><span class='ocrx_word' id='word_1_206' title='bbox 172 3032 243 3086; x_wconf 84' lang='lat' dir='ltr'><strong>Edd.</strong></span> <span class='ocrx_word' id='word_1_207' title='bbox 271 3033 338 3088; x_wconf 88' lang='lat' dir='ltr'><strong>dicti</strong></span> <span class='ocrx_word' id='word_1_208' title='bbox 360 3031 434 3103; x_wconf 83' lang='lat' dir='ltr'><strong>quod</strong></span> <span class='ocrx_word' id='word_1_209' title='bbox 459 3032 624 3088; x_wconf 85' lang='lat' dir='ltr'><strong>dictumest</strong></span> 
     </span>
     <span class='ocr_line' id='line_1_29' title="bbox 156 3115 623 3187; baseline -0.002 -15"><span class='ocrx_word' id='word_1_210' title='bbox 156 3149 190 3158; x_wconf 92' lang='lat'>-</span> <span class='ocrx_word' id='word_1_211' title='bbox 207 3118 349 3187; x_wconf 87' lang='lat' dir='ltr'><strong>Sequimur</strong></span> <span class='ocrx_word' id='word_1_212' title='bbox 367 3115 487 3184; x_wconf 89' lang='lat' dir='ltr'><strong>codices,</strong></span> <span class='ocrx_word' id='word_1_213' title='bbox 505 3116 576 3171; x_wconf 90' lang='lat' dir='ltr'><strong>inter</strong></span> <span class='ocrx_word' id='word_1_214' title='bbox 593 3131 623 3171; x_wconf 88' lang='lat' dir='ltr'><strong>se</strong></span> 
     </span>
     <span class='ocr_line' id='line_1_30' title="bbox 156 3200 625 3271; baseline -0.006 -14"><span class='ocrx_word' id='word_1_215' title='bbox 156 3202 313 3268; x_wconf 86' lang='lat' dir='ltr'><strong>concordes,</strong></span> <span class='ocrx_word' id='word_1_216' title='bbox 328 3203 373 3257; x_wconf 85' lang='lat' dir='ltr'><strong>vel</strong></span> <span class='ocrx_word' id='word_1_217' title='bbox 382 3205 456 3256; x_wconf 89' lang='lat' dir='ltr'><strong>certe</strong></span> <span class='ocrx_word' id='word_1_218' title='bbox 465 3217 519 3271; x_wconf 83' lang='lat' dir='ltr'><strong>quo</strong></span> <span class='ocrx_word' id='word_1_219' title='bbox 531 3200 625 3256; x_wconf 86' lang='lat' dir='ltr'><strong>dicunt</strong></span> 
     </span>
     <span class='ocr_line' id='line_1_31' title="bbox 155 3285 628 3357; baseline -0.004 -15"><span class='ocrx_word' id='word_1_220' title='bbox 155 3290 286 3357; x_wconf 85' lang='lat' dir='ltr'><strong>legentes,</strong></span> <span class='ocrx_word' id='word_1_221' title='bbox 323 3292 350 3342; x_wconf 91' lang='lat' dir='ltr'><strong>et</strong></span> <span class='ocrx_word' id='word_1_222' title='bbox 384 3285 521 3341; x_wconf 88' lang='lat' dir='ltr'><strong>Ficinum:</strong></span> <span class='ocrx_word' id='word_1_223' title='bbox 562 3285 628 3356; x_wconf 82' lang='lat' dir='ltr'><strong>quel</strong></span> 
     </span>
     <span class='ocr_line' id='line_1_32' title="bbox 156 3371 477 3442; baseline -0.012 -14"><span class='ocrx_word' id='word_1_224' title='bbox 156 3372 242 3436; x_wconf 77' lang='lat' dir='ltr'><strong>detto,</strong></span> <span class='ocrx_word' id='word_1_225' title='bbox 260 3388 309 3426; x_wconf 89' lang='lat' dir='ltr'><strong>oce</strong></span> <span class='ocrx_word' id='word_1_226' title='bbox 325 3371 477 3442; x_wconf 83' lang='lat' dir='ltr'><strong>affermnno</strong></span> 
     </span>
    </p>

    <p class='ocr_par' dir='ltr' id='par_1_8' title="bbox 117 3455 591 3528">
     <span class='ocr_line' id='line_1_33' title="bbox 117 3455 591 3528; baseline -0.011 -14"><span class='ocrx_word' id='word_1_227' title='bbox 117 3462 139 3493; x_wconf 83' lang='lat'><strong>⁶⁷</strong></span> <span class='ocrx_word' id='word_1_228' title='bbox 157 3460 190 3513; x_wconf 89' lang='lat' dir='ltr'><strong>H.</strong></span> <span class='ocrx_word' id='word_1_229' title='bbox 207 3459 262 3513; x_wconf 88' lang='lat' dir='ltr'><strong>duo</strong></span> <span class='ocrx_word' id='word_1_230' title='bbox 280 3455 440 3527; x_wconf 77' lang='lat' dir='ltr'><strong>hujusmodi</strong></span> <span class='ocrx_word' id='word_1_231' title='bbox 456 3457 591 3528; x_wconf 78' lang='lat' dir='ltr'><strong>repiminc</strong></span> 
     </span>
    </p>

    <p class='ocr_par' dir='ltr' id='par_1_9' title="bbox 117 3540 624 3701">
     <span class='ocr_line' id='line_1_34' title="bbox 117 3540 624 3614; baseline -0.006 -17"><span class='ocrx_word' id='word_1_232' title='bbox 117 3544 141 3579; x_wconf 87' lang='grc'><strong>11</strong></span> <span class='ocrx_word' id='word_1_233' title='bbox 156 3543 190 3597; x_wconf 92' lang='lat' dir='ltr'><strong>V.</strong></span> <span class='ocrx_word' id='word_1_234' title='bbox 210 3543 356 3614; x_wconf 80' lang='lat' dir='ltr'><strong>dupliciter</strong></span> <span class='ocrx_word' id='word_1_235' title='bbox 373 3542 417 3595; x_wconf 86' lang='lat' dir='ltr'><strong>cie</strong></span> <span class='ocrx_word' id='word_1_236' title='bbox 431 3545 573 3613; x_wconf 67' lang='grc'>101111-</span> <span class='ocrx_word' id='word_1_237' title='bbox 590 3540 624 3594; x_wconf 79' lang='lat' dir='ltr'><strong>A.</strong></span> 
     </span>
     <span class='ocr_line' id='line_1_35' title="bbox 158 3628 368 3701; baseline -0.024 -18"><span class='ocrx_word' id='word_1_238' title='bbox 158 3628 265 3701; x_wconf 81' lang='lat' dir='ltr'><strong>duplici</strong></span> <span class='ocrx_word' id='word_1_239' title='bbox 275 3630 368 3699; x_wconf 86' lang='lat' dir='ltr'><strong>potest</strong></span> 
     </span>
    </p>

    <p class='ocr_par' dir='ltr' id='par_1_10' title="bbox 117 3707 627 3869">
     <span class='ocr_line' id='line_1_36' title="bbox 117 3707 627 3782; baseline -0.008 -15"><span class='ocrx_word' id='word_1_240' title='bbox 117 3715 141 3747; x_wconf 88' lang='lat'><strong>⁷⁰</strong></span> <span class='ocrx_word' id='word_1_241' title='bbox 158 3713 196 3767; x_wconf 89' lang='lat' dir='ltr'><strong>M.</strong></span> <span class='ocrx_word' id='word_1_242' title='bbox 215 3711 282 3766; x_wconf 85' lang='lat' dir='ltr'><strong>ircee</strong></span> <span class='ocrx_word' id='word_1_243' title='bbox 299 3711 478 3782; x_wconf 68' lang='grc'>(091111111-</span> <span class='ocrx_word' id='word_1_244' title='bbox 492 3707 521 3761; x_wconf 84' lang='lat' dir='ltr'><strong>P.</strong></span> <span class='ocrx_word' id='word_1_245' title='bbox 542 3707 627 3779; x_wconf 76' lang='lat' dir='ltr'><strong>liujus</strong></span> 
     </span>
     <span class='ocr_line' id='line_1_37' title="bbox 158 3798 292 3869; baseline -0.015 -17"><span class='ocrx_word' id='word_1_246' title='bbox 158 3798 292 3869; x_wconf 82' lang='lat' dir='ltr'><strong>repimine</strong></span> 
     </span>
    </p>

    <p class='ocr_par' dir='ltr' id='par_1_11' title="bbox 117 3879 627 4036">
     <span class='ocr_line' id='line_1_38' title="bbox 117 3879 627 3950; baseline -0.006 -15"><span class='ocrx_word' id='word_1_247' title='bbox 117 3883 142 3916; x_wconf 88' lang='grc'><strong>11</strong></span> <span class='ocrx_word' id='word_1_248' title='bbox 158 3881 227 3937; x_wconf 87' lang='lat' dir='ltr'><strong>Edd.</strong></span> <span class='ocrx_word' id='word_1_249' title='bbox 253 3879 404 3936; x_wconf 84' lang='lat' dir='ltr'><strong>accidentia</strong></span> <span class='ocrx_word' id='word_1_250' title='bbox 427 3880 531 3934; x_wconf 83' lang='lat' dir='ltr'><strong>scilicet</strong></span> <span class='ocrx_word' id='word_1_251' title='bbox 543 3879 627 3950; x_wconf 84' lang='lat' dir='ltr'><strong>prius</strong></span> 
     </span>
     <span class='ocr_line' id='line_1_39' title="bbox 159 3967 423 4036; baseline -0.008 -16"><span class='ocrx_word' id='word_1_252' title='bbox 159 3999 193 4007; x_wconf 90' lang='lat'><strong>—</strong></span> <span class='ocrx_word' id='word_1_253' title='bbox 210 3967 241 4020; x_wconf 82' lang='lat' dir='ltr'><strong>F.</strong></span> <span class='ocrx_word' id='word_1_254' title='bbox 260 3982 316 4020; x_wconf 81' lang='lat' dir='ltr'><strong>aee.</strong></span> <span class='ocrx_word' id='word_1_255' title='bbox 330 3967 423 4036; x_wconf 91' lang='lat' dir='ltr'><strong>primo</strong></span> 
     </span>
    </p>
   </div>
   <div class='ocr_carea' id='block_1_8' title="bbox 700 2693 1213 3864">
    <p class='ocr_par' dir='ltr' id='par_1_12' title="bbox 700 2693 1059 2765">
     <span class='ocr_line' id='line_1_40' title="bbox 700 2693 1059 2765; baseline 0.003 -19"><span class='ocrx_word' id='word_1_256' title='bbox 700 2695 723 2726; x_wconf 85' lang='grc'><strong>11</strong></span> <span class='ocrx_word' id='word_1_257' title='bbox 740 2693 773 2746; x_wconf 90' lang='lat' dir='ltr'><strong>V.</strong></span> <span class='ocrx_word' id='word_1_258' title='bbox 787 2695 871 2765; x_wconf 83' lang='lat' dir='ltr'><strong>prius</strong></span> <span class='ocrx_word' id='word_1_259' title='bbox 883 2693 1059 2765; x_wconf 85' lang='lat' dir='ltr'><strong>procedendo</strong></span> 
     </span>
    </p>

    <p class='ocr_par' dir='ltr' id='par_1_13' title="bbox 700 2778 1069 2848">
     <span class='ocr_line' id='line_1_41' title="bbox 700 2778 1069 2848; baseline -0.003 -16"><span class='ocrx_word' id='word_1_260' title='bbox 700 2779 724 2812; x_wconf 84' lang='grc'><strong>11</strong></span> <span class='ocrx_word' id='word_1_261' title='bbox 740 2780 774 2832; x_wconf 84' lang='grc' dir='ltr'><strong>Δ.</strong></span> <span class='ocrx_word' id='word_1_262' title='bbox 793 2781 846 2833; x_wconf 77' lang='lat' dir='ltr'><strong>icta</strong></span> <span class='ocrx_word' id='word_1_263' title='bbox 863 2778 917 2833; x_wconf 88' lang='lat' dir='ltr'><strong>dno</strong></span> <span class='ocrx_word' id='word_1_264' title='bbox 935 2779 1069 2848; x_wconf 79' lang='lat' dir='ltr'><strong>repimina</strong></span> 
     </span>
    </p>

    <p class='ocr_par' dir='ltr' id='par_1_14' title="bbox 701 2861 1209 2933">
     <span class='ocr_line' id='line_1_42' title="bbox 701 2861 1209 2933; baseline -0.002 -16"><span class='ocrx_word' id='word_1_265' title='bbox 701 2864 724 2896; x_wconf 84' lang='lat'><strong>⁷⁸</strong></span> <span class='ocrx_word' id='word_1_266' title='bbox 741 2864 776 2919; x_wconf 83' lang='lat' dir='ltr'><strong>A.</strong></span> <span class='ocrx_word' id='word_1_267' title='bbox 795 2863 896 2918; x_wconf 84' lang='lat' dir='ltr'><strong>talibus</strong></span> <span class='ocrx_word' id='word_1_268' title='bbox 908 2861 1039 2917; x_wconf 80' lang='lat' dir='ltr'><strong>doctrinis</strong></span> <span class='ocrx_word' id='word_1_269' title='bbox 1051 2879 1106 2916; x_wconf 89' lang='lat' dir='ltr'><strong>non</strong></span> <span class='ocrx_word' id='word_1_270' title='bbox 1124 2862 1209 2933; x_wconf 77' lang='lat' dir='ltr'><strong>indip.</strong></span> 
     </span>
    </p>

    <p class='ocr_par' dir='ltr' id='par_1_15' title="bbox 701 2946 1211 3105">
     <span class='ocr_line' id='line_1_43' title="bbox 701 2946 1211 3018; baseline -0.004 -17"><span class='ocrx_word' id='word_1_271' title='bbox 701 2948 724 2980; x_wconf 83' lang='grc'><strong>11</strong></span> <span class='ocrx_word' id='word_1_272' title='bbox 742 2948 774 3001; x_wconf 90' lang='lat' dir='ltr'><strong>L.</strong></span> <span class='ocrx_word' id='word_1_273' title='bbox 792 2948 826 3002; x_wconf 90' lang='lat' dir='ltr'><strong>V.</strong></span> <span class='ocrx_word' id='word_1_274' title='bbox 845 2946 917 3001; x_wconf 85' lang='lat' dir='ltr'><strong>Sunt</strong></span> <span class='ocrx_word' id='word_1_275' title='bbox 934 2962 1000 3018; x_wconf 76' lang='lat' dir='ltr'><strong>erpo</strong></span> <span class='ocrx_word' id='word_1_276' title='bbox 1015 2947 1099 3018; x_wconf 76' lang='lat' dir='ltr'><strong>liujus</strong></span> <span class='ocrx_word' id='word_1_277' title='bbox 1116 2948 1211 3018; x_wconf 73' lang='lat' dir='ltr'><strong>repim.</strong></span> 
     </span>
     <span class='ocr_line' id='line_1_44' title="bbox 742 3031 1164 3105; baseline -0.007 -18"><span class='ocrx_word' id='word_1_278' title='bbox 742 3063 776 3073; x_wconf 91' lang='lat'><strong>-·</strong></span> <span class='ocrx_word' id='word_1_279' title='bbox 794 3033 831 3087; x_wconf 86' lang='grc' dir='ltr'><strong>Μ.</strong></span> <span class='ocrx_word' id='word_1_280' title='bbox 848 3031 921 3087; x_wconf 85' lang='lat' dir='ltr'><strong>Sunt</strong></span> <span class='ocrx_word' id='word_1_281' title='bbox 937 3049 1004 3105; x_wconf 74' lang='lat' dir='ltr'><strong>erqo</strong></span> <span class='ocrx_word' id='word_1_282' title='bbox 1021 3031 1089 3087; x_wconf 84' lang='lat' dir='ltr'><strong>laec</strong></span> <span class='ocrx_word' id='word_1_283' title='bbox 1105 3048 1164 3102; x_wconf 73' lang='lat' dir='ltr'><strong>req.</strong></span> 
     </span>
    </p>

    <p class='ocr_par' dir='ltr' id='par_1_16' title="bbox 703 3116 1213 3429">
     <span class='ocr_line' id='line_1_45' title="bbox 703 3116 1213 3187; baseline 0 -17"><span class='ocrx_word' id='word_1_284' title='bbox 703 3118 726 3150; x_wconf 84' lang='grc'><strong>11</strong></span> <span class='ocrx_word' id='word_1_285' title='bbox 742 3116 948 3181; x_wconf 84' lang='lat' dir='ltr'><strong>Eddrerneciic,</strong></span> <span class='ocrx_word' id='word_1_286' title='bbox 965 3116 1213 3187; x_wconf 83' lang='lat' dir='ltr'><strong>eertumertfuisse</strong></span> 
     </span>
     <span class='ocr_line' id='line_1_46' title="bbox 744 3201 1212 3258; baseline -0.006 0"><span class='ocrx_word' id='word_1_287' title='bbox 744 3205 860 3258; x_wconf 84' lang='lat' dir='ltr'><strong>otiorum</strong></span> <span class='ocrx_word' id='word_1_288' title='bbox 892 3235 927 3243; x_wconf 92' lang='lat'>-</span> <span class='ocrx_word' id='word_1_289' title='bbox 953 3203 1065 3258; x_wconf 86' lang='lat' dir='ltr'><strong>Praeter</strong></span> <span class='ocrx_word' id='word_1_290' title='bbox 1090 3201 1212 3257; x_wconf 91' lang='lat' dir='ltr'><strong>codicum</strong></span> 
     </span>
     <span class='ocr_line' id='line_1_47' title="bbox 745 3285 1211 3344; baseline -0.006 -2"><span class='ocrx_word' id='word_1_291' title='bbox 745 3304 906 3344; x_wconf 88' lang='lat' dir='ltr'><strong>consensum</strong></span> <span class='ocrx_word' id='word_1_292' title='bbox 921 3289 1063 3343; x_wconf 87' lang='lat' dir='ltr'><strong>nobiscum</strong></span> <span class='ocrx_word' id='word_1_293' title='bbox 1083 3285 1148 3341; x_wconf 86' lang='lat' dir='ltr'><strong>facit</strong></span> <span class='ocrx_word' id='word_1_294' title='bbox 1164 3286 1211 3339; x_wconf 86' lang='lat' dir='ltr'><strong>Fi·</strong></span> 
     </span>
     <span class='ocr_line' id='line_1_48' title="bbox 745 3374 830 3429; baseline -0.012 -1"><span class='ocrx_word' id='word_1_295' title='bbox 745 3374 830 3429; x_wconf 86' lang='lat' dir='ltr'><strong>cinus.</strong></span> 
     </span>
    </p>

    <p class='ocr_par' dir='ltr' id='par_1_17' title="bbox 704 3456 1213 3681">
     <span class='ocr_line' id='line_1_49' title="bbox 704 3456 1211 3513; baseline -0.008 -2"><span class='ocrx_word' id='word_1_296' title='bbox 704 3459 727 3491; x_wconf 88' lang='grc'><strong>11</strong></span> <span class='ocrx_word' id='word_1_297' title='bbox 744 3458 776 3511; x_wconf 90' lang='lat' dir='ltr'><strong>L.</strong></span> <span class='ocrx_word' id='word_1_298' title='bbox 800 3457 906 3513; x_wconf 83' lang='lat' dir='ltr'><strong>Stultus</strong></span> <span class='ocrx_word' id='word_1_299' title='bbox 928 3463 1017 3512; x_wconf 87' lang='lat' dir='ltr'><strong>eutem</strong></span> <span class='ocrx_word' id='word_1_300' title='bbox 1040 3462 1109 3510; x_wconf 82' lang='lat' dir='ltr'><strong>esset</strong></span> <span class='ocrx_word' id='word_1_301' title='bbox 1128 3485 1161 3494; x_wconf 91' lang='lat'>—</span> <span class='ocrx_word' id='word_1_302' title='bbox 1178 3456 1211 3508; x_wconf 81' lang='lat' dir='ltr'><strong>A.</strong></span> 
     </span>
     <span class='ocr_line' id='line_1_50' title="bbox 744 3537 1213 3597; baseline -0.011 0"><span class='ocrx_word' id='word_1_303' title='bbox 744 3542 851 3597; x_wconf 80' lang='lat' dir='ltr'><strong>Stultus</strong></span> <span class='ocrx_word' id='word_1_304' title='bbox 868 3548 938 3596; x_wconf 87' lang='lat' dir='ltr'><strong>esset</strong></span> <span class='ocrx_word' id='word_1_305' title='bbox 962 3570 992 3580; x_wconf 95' lang='lat'>-</span> <span class='ocrx_word' id='word_1_306' title='bbox 1017 3539 1087 3594; x_wconf 84' lang='lat' dir='ltr'><strong>Edd.</strong></span> <span class='ocrx_word' id='word_1_307' title='bbox 1104 3537 1213 3593; x_wconf 81' lang='lat' dir='ltr'><strong>Stultus</strong></span> 
     </span>
     <span class='ocr_line' id='line_1_51' title="bbox 745 3628 928 3681; baseline -0.005 -1"><span class='ocrx_word' id='word_1_308' title='bbox 745 3628 848 3681; x_wconf 88' lang='lat' dir='ltr'><strong>etenim.</strong></span> <span class='ocrx_word' id='word_1_309' title='bbox 859 3630 928 3680; x_wconf 83' lang='lat' dir='ltr'><strong>esset</strong></span> 
     </span>
    </p>

    <p class='ocr_par' dir='ltr' id='par_1_18' title="bbox 705 3709 1087 3781">
     <span class='ocr_line' id='line_1_52' title="bbox 705 3709 1087 3781; baseline -0.01 -17"><span class='ocrx_word' id='word_1_310' title='bbox 705 3712 727 3744; x_wconf 82' lang='grc'><strong>11</strong></span> <span class='ocrx_word' id='word_1_311' title='bbox 744 3711 777 3764; x_wconf 87' lang='lat' dir='ltr'><strong>F.</strong></span> <span class='ocrx_word' id='word_1_312' title='bbox 794 3711 893 3780; x_wconf 85' lang='lat' dir='ltr'><strong>futuro</strong></span> <span class='ocrx_word' id='word_1_313' title='bbox 911 3709 1087 3781; x_wconf 75' lang='lat' dir='ltr'><strong>emplastrum</strong></span> 
     </span>
    </p>

    <p class='ocr_par' dir='ltr' id='par_1_19' title="bbox 706 3793 1012 3864">
     <span class='ocr_line' id='line_1_53' title="bbox 706 3793 1012 3864; baseline -0.007 -15"><span class='ocrx_word' id='word_1_314' title='bbox 706 3796 728 3829; x_wconf 88' lang='grc'><strong>11</strong></span> <span class='ocrx_word' id='word_1_315' title='bbox 745 3796 777 3849; x_wconf 82' lang='lat' dir='ltr'><strong>F.</strong></span> <span class='ocrx_word' id='word_1_316' title='bbox 795 3794 859 3849; x_wconf 89' lang='lat' dir='ltr'><strong>Non</strong></span> <span class='ocrx_word' id='word_1_317' title='bbox 876 3810 943 3864; x_wconf 81' lang='lat' dir='ltr'><strong>erpo</strong></span> <span class='ocrx_word' id='word_1_318' title='bbox 960 3793 1012 3848; x_wconf 87' lang='lat' dir='ltr'><strong>dic.</strong></span> 
     </span>
    </p>
   </div>
   <div class='ocr_carea' id='block_1_9' title="bbox 161 4132 1212 4203">
    <p class='ocr_par' dir='ltr' id='par_1_20' title="bbox 161 4132 1212 4203">
     <span class='ocr_line' id='line_1_54' title="bbox 161 4132 1212 4203; baseline -0.001 -16"><span class='ocrx_word' id='word_1_319' title='bbox 161 4139 185 4170; x_wconf 82' lang='grc'><strong>11</strong></span> <span class='ocrx_word' id='word_1_320' title='bbox 203 4135 375 4201; x_wconf 87' lang='lat' dir='ltr'><strong>‚‚Litera“‚</strong></span> <span class='ocrx_word' id='word_1_321' title='bbox 393 4151 445 4190; x_wconf 81' lang='lat' dir='ltr'><strong>vox</strong></span> <span class='ocrx_word' id='word_1_322' title='bbox 463 4132 588 4188; x_wconf 88' lang='lat' dir='ltr'><strong>solemnis</strong></span> <span class='ocrx_word' id='word_1_323' title='bbox 614 4133 775 4203; x_wconf 88' lang='lat' dir='ltr'><strong>scriptorum</strong></span> <span class='ocrx_word' id='word_1_324' title='bbox 792 4132 872 4187; x_wconf 89' lang='lat' dir='ltr'><strong>medii</strong></span> <span class='ocrx_word' id='word_1_325' title='bbox 896 4132 954 4187; x_wconf 85' lang='lat' dir='ltr'><strong>aeri</strong></span> <span class='ocrx_word' id='word_1_326' title='bbox 971 4148 1020 4201; x_wconf 88' lang='lat' dir='ltr'><strong>pro</strong></span> <span class='ocrx_word' id='word_1_327' title='bbox 1039 4136 1131 4200; x_wconf 82' lang='lat' dir='ltr'><strong>textu,</strong></span> <span class='ocrx_word' id='word_1_328' title='bbox 1155 4148 1212 4186; x_wconf 86' lang='lat' dir='ltr'><strong>ma-</strong></span> 
     </span>
    </p>
   </div>
   <div class='ocr_carea' id='block_1_10' title="bbox 90 4206 271 4264">
    <p class='ocr_par' dir='ltr' id='par_1_21' title="bbox 90 4206 271 4264">
     <span class='ocr_line' id='line_1_55' title="bbox 90 4206 271 4264; baseline -0.022 -3"><span class='ocrx_word' id='word_1_329' title='bbox 90 4206 161 4261; x_wconf 86' lang='lat' dir='ltr'><strong>xime</strong></span> <span class='ocrx_word' id='word_1_330' title='bbox 179 4219 271 4264; x_wconf 81' lang='lat' dir='ltr'><strong>sacro,</strong></span> 
     </span>
    </p>
   </div>
   <div class='ocr_carea' id='block_1_11' title="bbox 0 0 1466 4876">
    <p class='ocr_par' dir='ltr' id='par_1_22' title="bbox 0 0 1466 4876">
     <span class='ocr_line' id='line_1_56' title="bbox 0 0 1466 4876; baseline 0 0"><span class='ocrx_word' id='word_1_331' title='bbox 0 0 1466 4876; x_wconf 95' lang='lat' dir='ltr'><strong> </strong></span> 
     </span>
    </p>
   </div>
  </div>
 </body>
</html>
