2896 4876
559 307 840 364 PROLEGOMENA.
1162 307 1266 363 XXXV

645 406 654 443 r

189 483 343 581 rendum,
369 482 637 575 recognoscimus
665 537 672 553 .
701 537 708 550 .
735 535 744 552 .
770 483 974 578 praesertim,
1000 506 1101 578 quum
1137 482 1176 553 ad
1208 506 1264 554 eos

188 607 247 703 jus
286 620 318 679 et
358 619 500 703 potestas
541 607 727 701 hujusmodi
767 608 807 680 ab
850 608 1036 703 Apostolica
1077 611 1153 682 sede
1193 635 1266 707 per·

189 731 403 833 venerit.“³⁰)
445 742 446 745 ’

136 863 264 934 XXXV.
285 864 319 933 2.
346 862 547 956 „Gregorius
575 862 706 958 quintus
731 872 878 958 ternpore
906 863 1029 935 Ottonis
1047 863 1266 960 Imperatoris,

192 992 378 1062 convocatis
411 1000 444 1060 et
475 988 638 1085 requisitis
664 988 869 1085 Principibus
902 991 1107 1082 Alamaniae,
1140 1004 1265 1087 septem

189 1117 355 1190 Electores
382 1117 532 1207 instituit,
551 1114 714 1189 Officiales
740 1116 842 1213 ipsius
866 1118 973 1190 curiae
991 1117 1178 1213 imperialis.
1199 1173 1207 1189 .
1229 1169 1265 1188 ..

191 1244 293 1316 Causa
322 1257 443 1334 autern,
469 1267 568 1339 quare
595 1243 701 1314 solum
730 1244 770 1315 de
796 1243 964 1316 Aiamania
990 1245 1145 1341 praedicti
1171 1242 1265 1316 Eiec-

190 1384 276 1443 tores
304 1383 381 1443 sunt
406 1372 554 1461 assumti,
581 1371 801 1442 communiter
833 1372 948 1468 triplex
980 1373 1174 1465 assignatur.

191 1499 299 1569 Tertia
341 1499 401 1569 suit
433 1498 582 1569 voluntas
615 1498 736 1594 Papae,
776 1511 852 1595 puta
887 1499 1036 1596 Gregorii
1064 1499 1099 1572 V.
1135 1501 1189 1597 qui
1224 1500 1265 1571 de

189 1625 372 1698 Theutonia
398 1626 459 1696 fuit
485 1628 611 1696 natus.“

240 1947 387 2042 Longior
415 1946 461 2017 sui
489 1946 522 2016 in
550 1947 770 2019 exscribendis
795 1946 968 2044 Triumphi
995 1947 1084 2041 locis,
1113 1959 1148 2021 ut
1173 1975 1266 2045 argn-

138 2086 340 2166 mentorum,
367 2074 484 2170 quibus
509 2070 633 2167 jurium
660 2099 677 2144 a
704 2073 916 2145 Pontificibus
942 2073 1101 2149 Romanis
1128 2078 1266 2149 adsecta-

138 2217 249 2276 torum
277 2204 468 2274 desensores
488 2200 602 2273 Daritis
621 2226 697 2273 aevo
725 2201 910 2292 utebantur,
935 2213 966 2273 et
993 2227 1073 2298 quae
1101 2229 1141 2275 ne
1170 2205 1265 2276 hotiie

137 2330 273 2427 quidem
309 2296 547 2426 deposuerunt,
581 2330 804 2401 concatenatio
839 2330 956 2401 clarius
991 2331 1134 2421 eluceat,
1166 2343 1198 2403 et
1230 2343 1267 2403 ut

139 2456 311 2551 dijudicari
340 2467 445 2551 queat,
461 2480 501 2527 an
529 2467 560 2526 et
587 2472 746 2552 quatenus
765 2456 940 2547 sufficiant,
967 2481 1058 2552 quae,
1085 2469 1120 2527 ut
1146 2482 1182 2528 ea
1210 2482 1266 2554 op-

136 2596 273 2682 pugnet,
300 2597 410 2656 noster
436 2584 579 2680 protulit.

138 3039 230 3122 ouo
268 3037 471 3106 ruuroau
500 3040 619 3105 cram
654 3039 713 3103 on
747 3036 1003 3104 uexandum
1038 3036 1266 3105 courosrrr

436 3157 644 3240 ruamur,
678 3155 978 3223 uxauruarun.

243 3356 305 3441 Qui
333 3356 373 3427 de
391 3356 453 3426 vita
471 3355 585 3427 Dentis
604 3355 807 3451 scripserunt
824 3355 947 3451 antiqui
965 3366 1122 3446 auctores,
1140 3367 1266 3451 praeter

136 3509 244 3555 unum
264 3483 463 3575 Boccatinm,
488 3483 721 3579 quaestionem,
747 3482 875 3578 quando
903 3506 985 3578 opus
1012 3492 1160 3553 nostrum
1189 3505 1265 3552 con·

105 3673 107 3675 .
137 3612 273 3707 ceperit,
290 3610 492 3705 reliquerunt
518 3610 682 3680 intactam.
723 3609 788 3680 Sed
812 3607 879 3702 jam
899 3608 973 3680 Bas.
992 3607 1063 3679 lou.
1082 3606 1265 3699 Hunorum,

137 3737 234 3833 cujus
260 3738 369 3808 versio
400 3737 496 3832 paulo
522 3749 597 3808 ante
626 3747 749 3809 textum
776 3736 912 3808 latinum
939 3738 972 3806 in
1001 3736 1107 3806 iucem
1136 3734 1265 3828 prodiit,

136 3868 244 3939 libros
279 3864 318 3935 de
345 3864 532 3936 Monarchia
568 3865 653 3936 circa
688 3864 817 3935 initium
851 3862 1065 3959 expeditionis
1098 3860 1265 3933 Romanae

140 4034 349 4046 ——u—-··

209 4115 242 4174 ³⁰)
261 4113 301 4167 uf.
319 4114 426 4169 Bullam
453 4115 633 4184 „Apostolica
650 4114 756 4181 sedes“,
782 4129 799 4167 a
824 4111 966 4167 Bonifccio
984 4111 1059 4166 VIII.
1081 4125 1174 4166 mense
1191 4110 1265 4180 Majo

134 4210 202 4266 anni
224 4213 295 4262 1300.
314 4210 447 4263 emissam.
1025 4275 1060 4327 c*
