2910 4876
392 294 527 351 DANTIS
544 294 762 351 MONAROHIA
779 295 814 350 H.
832 296 862 352 G.
881 302 904 352 9.
1169 293 1206 354 71

94 465 193 550 operis
215 464 414 532 admirabilis
436 468 630 533 Lucanus
647 468 682 534 in
704 467 842 535 secundo
871 468 1058 535 Pharsaliae
1087 488 1210 535 memor

92 567 153 635 fuit.
199 566 292 633 Oanit
314 568 397 635 enim
419 569 466 635 ibi
487 569 548 636 sic:

291 701 366 756 Talis
384 701 457 756 fama
475 703 547 757 canit
564 702 696 757 tumidum
713 718 795 772 super
811 678 931 771 aeuuora
947 703 1065 758 Xerxem
1227 708 1261 760 40

291 785 481 841 Construxisse
499 787 570 853 vias3

89 909 119 970 et
139 902 270 971 tandem
298 905 522 973 miserabiliter
549 909 591 973 ab
621 908 769 992 incoepto
800 909 963 994 repulsus,
994 907 1037 973 ad
1060 910 1208 976 bravium

89 1007 253 1092 pervenire
274 1028 338 1074 non
360 1008 472 1092 potuit.

171 1109 303 1176 Praeter
323 1109 412 1193 istos,
435 1115 467 1176 et
488 1115 570 1195 post,
592 1109 825 1177 Alexander
846 1131 903 1178 rex
917 1110 1052 1178 Macedo
1067 1112 1207 1180 maxima

90 1210 228 1275 omnium
249 1210 293 1275 ad
313 1212 455 1296 palmam
469 1212 673 1280 Monarchiae
687 1208 919 1298 propinquans,
944 1211 1020 1278 dum
1041 1235 1098 1300 per
1120 1215 1207 1296 lega·
1225 1236 1257 1286 45

91 1315 136 1378 tos
166 1311 210 1377 ad
232 1311 428 1379 deditionem
450 1314 610 1380 Romanos
632 1318 868 1397 praemoneret,
903 1313 990 1396 apud
1014 1313 1206 1400 Aegyptum,

90 1419 159 1479 ante
181 1414 396 1481 Romanorum
417 1415 672 1499 responsionem,
695 1420 730 1480 ut
744 1415 885 1481 Livius
907 1420 1029 1499 narrat,
1052 1416 1086 1481 in
1100 1415 1207 1484 medio

90 1515 178 1594 quasi
200 1535 294 1581 cursu
316 1516 477 1601 collapsus
500 1521 556 1582 est.
592 1518 643 1583 De
666 1518 757 1602 cujus
780 1516 878 1584 etiam
901 1517 1064 1602 sepultura
1085 1518 1208 1585 ibidem

87 1617 243 1684 existente
273 1617 475 1701 Lucanus,
508 1619 542 1682 in
574 1623 703 1704 octavo,
739 1619 895 1686 invehens
927 1618 960 1682 in
988 1619 1207 1688 Ptolemaeum

86 1734 195 1800 regem
216 1718 372 1804 Aegppti,
395 1719 611 1786 testimonium
632 1719 738 1788 reddit
761 1714 884 1788 dicerni:
1226 1746 1258 1797 50

292 1851 391 1905 Ultima
407 1851 515 1919 Lageae
532 1851 625 1920 stirpis
643 1855 817 1923 perituraque
835 1855 925 1924 proles

291 1936 426 2004 Degener,
444 1936 564 1991 incestae
582 1941 697 2008 sceptris
717 1954 825 1994 cessure
843 1939 944 2004 sorori,

291 2020 379 2089 Quum
396 2021 446 2075 tibi
462 2026 570 2076 sacrato
588 2021 703 2076 Macedo
724 2028 844 2078 servetur
860 2024 890 2078 in
907 2028 994 2080 antro.

109 2224 135 2257 ³⁸
153 2223 184 2277 P.
203 2238 274 2294 opas
291 2186 451 2278 admirabile
467 2255 499 2262 —
510 2222 541 2278 V.
560 2239 622 2294 ope·
700 2224 725 2257 ⁴⁴
741 2225 775 2277 A.
794 2225 826 2279 F.
844 2226 878 2279 H.
897 2227 928 2280 L.
948 2226 978 2279 P.
990 2226 1067 2281 -V.
1080 2243 1209 2299 praemo-

158 2308 198 2362 ris
215 2307 414 2362 admirabiliter
741 2317 851 2364 nactur
876 2342 910 2349 —
934 2310 971 2364 M.
992 2316 1019 2365 et
1037 2311 1110 2366 editt.
1128 2328 1209 2382 prae-

154 2392 188 2445 Δ.
206 2391 238 2444 F.
256 2391 291 2444 H.
308 2392 340 2444 L.
358 2392 389 2444 P.
403 2424 431 2432 -
444 2394 478 2447 V.
493 2393 551 2461 suit
568 2409 622 2447 me·
741 2402 831 2448 mouet

155 2491 264 2528 mor-
281 2476 351 2530 Edd.
370 2479 490 2532 meminit
699 2479 722 2510 ⁴⁷
740 2477 777 2532 A.
796 2479 830 2532 H.
849 2479 881 2532 L.
900 2478 939 2532 M.
957 2479 987 2532 P.
1000 2478 1033 2532 V.
1054 2483 1081 2532 et
1098 2478 1209 2534 Ficinus

111 2560 137 2592 ³⁴
153 2559 185 2612 L.
204 2560 235 2613 P.
254 2591 288 2601 —
310 2561 343 2613 A.
361 2563 432 2616 enim
449 2562 489 2617 ibi
503 2564 575 2618 sient
590 2592 620 2600 —
692 2564 694 2570 '
741 2595 775 2603 -
801 2564 832 2616 F.
864 2570 890 2617 et
914 2562 972 2621 edd.
999 2563 1114 2631 pessime
1146 2571 1210 2618 ante

155 2643 187 2696 F.
197 2644 231 2697 Η.
241 2645 276 2698 Μ.
287 2646 320 2699 V.
332 2653 359 2699 et
368 2646 426 2700 edd
437 2652 491 2700 ant.
502 2648 571 2700 anim
583 2647 623 2700 sic
742 2647 927 2702 Romanorum
944 2647 1076 2700 rationem

73 2783 75 2785 .
109 2730 136 2762 ⁴⁰
153 2728 188 2782 H.
209 2728 301 2783 Talem
319 2761 352 2769 -
368 2729 438 2808 Edd=
459 2730 538 2784 Tales
700 2732 724 2765 ⁴⁴
741 2732 775 2785 V.
793 2731 998 2787 PtboIomaeum

83 2867 87 2871 ,
172 2814 308 2880 Impressa
332 2815 439 2870 Lucani
458 2815 624 2883 exemplaria
701 2818 723 2850 ⁵⁴
742 2816 853 2883 Omnes,
892 2822 948 2872 tam
982 2834 1063 2873 manu
1098 2818 1209 2878 exarati.

154 2899 256 2953 habent
272 2915 350 2969 aeqa.
369 2899 470 2954 Persen
740 2917 821 2971 quam
837 2902 909 2972 typis
921 2903 1041 2972 expressi
1050 2919 1099 2971 pro
1109 2905 1208 2968 sorem,

111 2985 135 3016 ⁴⁴
154 2984 188 3038 H.
206 3000 261 3038 rea
277 2983 458 3039 Macedonum
469 3016 503 3023 —
517 2986 550 3038 A.
569 3000 624 3039 rea
742 2986 814 3054 quod
832 2993 872 3042 est
888 2988 917 3042 in
934 2987 1062 3053 Lucano,
1081 2988 1209 3043 exhibent

172 3067 306 3123 Macedon
742 3073 846 3126 sororis

156 3256 180 3288 ³⁸
196 3254 302 3309 Lucan.
320 3254 440 3308 Pharsal.
458 3255 494 3308 Il.
514 3259 571 3309 cta.
659 3258 682 3289 ⁴⁷
699 3256 780 3312 Tales
805 3257 914 3313 fabulas
939 3263 970 3312 ut
995 3258 1086 3312 tradat
1103 3263 1210 3312 tantum

75 3325 165 3380 abest
182 3323 297 3386 Limus,
316 3329 346 3376 ut
363 3322 452 3391 potius
472 3324 528 3388 (IX.
547 3338 606 3392 cap.
629 3328 657 3377 18
675 3323 723 3378 Nr.
742 3331 777 3391 6.)
795 3326 944 3381 Alexandri
966 3342 1063 3381 nomen
1080 3326 1210 3381 Romanis

79 3391 194 3447 coaevis
220 3407 254 3445 ne
280 3390 352 3443 fama
384 3391 491 3459 quidem
522 3397 615 3447 notum
649 3391 734 3447 fuisse
767 3394 921 3449 arbitretur.
966 3394 1063 3448 Graeci
1095 3393 1210 3463 quidem,

81 3461 272 3516 Cumanorum
290 3460 410 3526 sequuti,
441 3460 542 3527 legatos
566 3459 750 3515 Romanorum
773 3463 958 3517 Alexandrum
981 3467 1047 3516 tuno
1071 3462 1210 3530 Babylone

81 3532 236 3583 morantem
254 3526 337 3580 adiise
354 3526 459 3596 ferunt,
478 3527 537 3593 sed,
562 3528 584 3581 si
602 3528 786 3583 Nrnauflarurr
811 3531 890 3596 (Hist.
908 3531 986 3584 Rom.
1004 3530 1051 3582 HI.
1075 3534 1140 3595 194.)
1162 3544 1207 3583 ex·

80 3595 205 3665 ceperis,
223 3595 309 3650 nostri
326 3595 454 3663 temporis
475 3600 599 3649 auctores
623 3600 730 3650 tantum
747 3614 802 3652 non
819 3613 926 3662 omnes,
949 3612 1036 3666 neque
1053 3597 1125 3650 hanc
1145 3611 1207 3650 nar-

83 3665 220 3719 rationem
253 3663 306 3717 fide
341 3662 448 3730 dignam
471 3664 633 3718 existimant.
675 3665 768 3734 Longe
800 3667 878 3720 aliter
910 3680 978 3734 quae
1013 3665 1063 3719 sub
1096 3664 1207 3719 mentito

82 3733 292 3787 Cnnmsrrrnrus
309 3731 415 3785 nomine
433 3731 660 3787 circumferuntur
676 3733 833 3788 recentioris
853 3733 911 3788 aevi
928 3733 1037 3801 scripta,
1055 3733 1208 3801 dumosque

85 3801 231 3855 Varamos
250 3815 342 3853 eorum
356 3798 532 3867 pedissequus
547 3815 604 3854 rem
621 3800 781 3869 expediunt,
800 3801 897 3868 quibus
916 3801 940 3854 si
957 3799 1108 3866 credideris,
1127 3801 1208 3854 Alex-

87 3867 203 3922 andrum
223 3867 282 3935 jam
304 3874 367 3921 ante
399 3868 519 3922 Indicam
542 3868 738 3939 expeditionem
761 3885 822 3923 cum
845 3868 965 3922 exercitu
981 3869 1010 3921 in
1026 3868 1133 3922 Italiam
1151 3874 1208 3921 tra-

81 3937 198 4004 iecisse,
226 3942 252 3991 et
275 3950 292 3989 a
315 3935 443 3991 Romanis
469 3952 571 3990 summo
596 3938 697 3991 honore
722 3943 878 4005 exceptum,
905 3951 952 3990 eos
976 3936 1005 3988 in
1027 3935 1108 3990 fidem
1132 3951 1209 3990 suam

87 4005 231 4073 recepisse,
250 4003 331 4058 dices.
369 4005 421 4058 Sed
439 4011 466 4058 et
482 4005 550 4058 haec
574 4006 608 4059 ab
627 4005 745 4059 auctoris
769 4005 856 4063 nostri
873 4003 1029 4059 narratione
1046 4018 1208 4074 magnopere

88 4073 198 4127 distant.
234 4071 302 4125 Tam
324 4072 377 4126 hoc
401 4088 434 4127 ex
457 4073 517 4127 loco
534 4072 627 4140 igitur,
653 4088 733 4142 quam
749 4087 783 4126 ex
799 4072 845 4128 illo
862 4071 965 4126 Inferni
982 4071 1063 4137 (XIV.
1083 4077 1133 4137 31.)
1152 4076 1208 4126 sta-

88 4140 217 4194 tuendum
235 4138 295 4203 erit,
313 4140 429 4195 Dantem
446 4139 546 4195 fabulis
565 4141 638 4195 circa
656 4157 698 4194 res
717 4142 751 4194 ab
761 4140 914 4195 Alexandro
932 4145 1021 4209 gestas
1040 4140 1208 4196 nostratibus

86 4207 230 4278 incognitis
247 4222 325 4262 usum
343 4224 410 4264 esse.
497 4209 521 4241 ⁴⁹
537 4210 641 4264 Lucan.
660 4209 783 4264 Pharsal.
801 4210 875 4265 VIII.
894 4213 952 4265 692.
