2896 4876
427 317 634 374 EDITIONUM
651 317 789 374 SERIES.
1105 319 1170 373 LXI

79 490 239 558 1155555115
251 492 369 574 legitur
382 488 458 555 inde
473 510 494 555 a
508 512 540 575 p.
557 494 597 556 53
613 489 656 556 ad
670 511 702 572 p.
721 494 797 571 179,
819 490 1002 557 inscribitur
1016 510 1092 557 vero
1107 491 1168 555 ita:

427 633 588 701 DANTIS
610 633 787 700 ALIGHE·

385 745 447 809 RII
468 743 736 811 FLORENTINI
757 741 830 810 MO-

507 852 709 920 NAROHIA.

74 1041 173 1108 Ansam
206 1041 280 1107 libri
312 1040 430 1106 edendi
461 1040 552 1107 dedit
584 1040 724 1126 Oporino
762 1041 975 1125 fragmentum
1007 1047 1168 1126 tractatus,

75 1170 150 1232 quem
175 1153 394 1237 imperfectum
423 1151 597 1234 reliquerat
624 1152 769 1219 Aleiatus
797 1157 831 1230 (†
857 1156 960 1233 1550),
989 1153 1031 1218 51)
1059 1152 1170 1220 Hiero·

72 1282 149 1345 nymo
170 1262 333 1346 Frickero,
355 1261 492 1328 Patricio
514 1262 680 1344 Bernensi,
704 1269 735 1328 et
756 1262 921 1329 Praefecto
939 1262 1169 1346 Nevidunensi,

72 1369 119 1436 sibi
147 1373 376 1440 transmissum.
438 1373 591 1456 Reliqua,
628 1373 662 1437 15
695 1373 808 1439 eodem
836 1373 998 1438 volumine
1030 1393 1171 1458 compre·

71 1479 167 1565 hensa,
196 1482 329 1549 aliunde
357 1482 474 1548 hausit.
526 1485 645 1548 Auctor
678 1481 826 1549 edendae
847 1483 1052 1549 Monarchiae
1073 1483 1171 1551 fuisse

71 1590 383 1674 videturHeroldus,²)
406 1592 460 1674 qui
481 1593 527 1658 ite
540 1593 574 1657 in
589 1593 788 1676 praefatione
809 1593 1083 1678 interpretationis
1102 1614 1172 1677 ger-

70 1704 212 1770 manicae:

116 1847 237 1916 1515551
266 1849 323 1914 555
350 1848 388 1928 leb
417 1847 483 1926 autb
511 1847 565 1930 loll
592 1846 638 1913 abr
666 1847 774 1928 551555,
807 1850 863 1914 555
900 1849 1171 1935 1511155115ῆηίῐὼ

115 1958 249 2042 15551555
281 1958 335 2025 mit
367 1957 502 2041 otqqatb,
535 1969 596 2024 555
626 1956 741 2040 51115155
767 1958 1051 2044 intitubabiliter
1078 1962 1171 2046 155555

115 2069 181 2136 batt
203 2067 289 2137 ttndt
311 2075 421 2135 barben
443 2074 536 2150 mubp.

66 2210 107 2279 De
124 2214 265 2295 ratione,
292 2232 388 2294 quam
410 2212 512 2277 tenuit
539 2212 573 2276 in
595 2210 821 2278 constitutione
843 2219 949 2280 textus
977 2215 1057 2282 haec
1078 2239 1170 2302 prae-

60 2331 158 2390 monet
187 2322 361 2408 Oporinus:
390 2323 450 2403 „In
480 2341 541 2404 quo
571 2340 667 2406 opere
688 2321 773 2405 typis
796 2341 922 2404 quoque
950 2327 1084 2393 nostris³
1117 2329 1171 2396 de·

55 2433 235 2515 scribendo,
266 2454 332 2498 non
361 2433 466 2497 minus
495 2452 566 2497 raro
589 2431 773 2515 conjectura
794 2432 948 2498 utendum
970 2435 1044 2500 luit:
1073 2457 1172 2522 saepe

54 2558 126 2610 vero
155 2543 221 2622 (ubi
249 2562 314 2607 non
342 2542 501 2626 potuimus
529 2540 671 2624 assequi)
707 2541 811 2626 ipsum
840 2542 1050 2628 archetypum
1081 2550 1172 2632 sequi

48 2655 170 2736 potius,
201 2673 296 2736 quam
319 2660 439 2719 temere
460 2651 583 2735 aliquid
605 2650 740 2732 addere,
765 2651 833 2717 sive
855 2652 1007 2721 inducere
1028 2663 1083 2721 aut
1104 2679 1171 2724 mu·

46 2767 119 2830 tare
140 2765 245 2830 visum
269 2770 333 2830 est:
362 2763 459 2828 tutius
480 2761 514 2826 id
537 2762 619 2842 iore,
649 2781 687 2826 55
708 2767 817 2827 nostro
841 2764 1082 2833 convenientius
1105 2789 1171 2834 mu-

43 2875 119 2940 neri
141 2873 429 2941 existimantibus“.
480 2873 518 2937 of.
541 2873 637 2937 etiam
660 2891 742 2955 quae
765 2871 903 2938 diximus
924 2895 956 2957 p.
978 2875 1036 2942 III.
1061 2884 1092 2943 et
1113 2880 1169 2945 IV.

546 3043 557 3073 b

118 3144 139 3209 2)
158 3142 237 3210 Quod
263 3158 294 3196 eo
318 3141 485 3210 probabilius
508 3140 624 3206 videtur,
648 3157 730 3209 quum
750 3140 779 3194 15
802 3142 877 3198 55155
894 3143 1036 3200 voluminis
1054 3146 1171 3203 addatur

48 3227 214 3302 optrsculum
234 3230 342 3282 Aeneae
364 3224 456 3296 Sylvii,
483 3225 632 3294 praemissa
654 3225 713 3279 sola
736 3226 847 3282 Heroldi
869 3229 1098 3297 praefatiuncula,
1123 3234 1171 3289 ubi

43 3308 101 3367 ita:
119 3313 286 3382 „0porinus,
306 3327 367 3366 cum
384 3312 445 3366 illos
463 3311 587 3377 (libellos)
605 3309 736 3365 excudere
753 3311 921 3379 inchoasset,
940 3319 980 3369 tot
998 3315 1111 3372 obrutus
1130 3320 1170 3373 la-

47 3393 174 3464 boribus,
201 3397 237 3451 ad
253 3403 402 3451 mercatum
419 3394 687 3459 Fraucofortensem‚
709 3396 767 3464 J'am
787 3397 974 3465 praeteritum,
998 3397 1111 3451 multum
1128 3405 1170 3453 at·

51 3497 105 3549 que
125 3482 217 3536 multis
240 3482 274 3536 de
298 3481 386 3536 causis
405 3480 549 3545 anhelans,
574 3481 713 3534 absolvere
730 3483 939 3551 eosnequivit“.
975 3481 1078 3548 Quibus
1096 3483 1173 3538 addit

52 3567 181 3622 nonnulla
198 3582 241 3622 res
259 3566 311 3621 illis
328 3565 494 3635 temporibus
511 3569 600 3634 gestas
614 3567 772 3634 spectantia,
789 3567 823 3622 iis
841 3566 945 3632 similia,
963 3581 1032 3635 quae
1050 3583 1169 3637 exprae-
1222 3595 1228 3601 ·

53 3649 155 3706 satione
171 3652 299 3706 versionis
317 3651 485 3720 germanicae
503 3666 587 3720 supra
603 3668 630 3720 p.
648 3651 705 3706 LV.
723 3651 870 3706 retulimus.

122 3770 142 3836 ³)
165 3769 285 3824 Verbum
310 3774 461 3838 ‚,quoque“
485 3769 592 3824 minime
614 3785 675 3824 cum
693 3769 790 3824 Turrio
809 3769 844 3823 ad
868 3769 1030 3823 anteriorem
1054 3767 1171 3834 aliquem

61 3840 175 3921 ejusdem
197 3852 286 3921 operis
305 3853 448 3910 editionem
465 3854 500 3908 ab
519 3853 637 3923 Oporino
656 3855 767 3920 factam,
789 3853 837 3908 sed
860 3853 895 3907 ad
912 3851 1011 3907 Alciati
1027 3851 1170 3907 formulam

61 3933 129 3993 Rom.
146 3938 212 4009 Imp.
232 3938 401 3994 referendum
418 3943 467 3993 est.
954 3962 956 3966 ·
