2910 4876
429 345 564 401 DANTIS
582 346 801 402 MONARcfflA
818 347 853 401 11.
872 347 902 403 G.
922 353 946 402 8.
1198 349 1239 410 67

118 524 172 583 aut
190 523 304 603 sponte
319 517 390 600 Dei,
412 521 468 583 aut
483 519 625 585 oratione
646 517 846 603 impetrante.
887 520 1038 605 Sponte
1059 522 1123 589 Dei
1137 522 1239 608 dupli-

121 619 210 687 citer:
233 623 288 684 aut
309 638 470 704 expresse,
494 624 549 684 aut
562 639 620 705 per
642 620 775 702 signum.
811 623 1032 707 Expresse,
1055 624 1137 690 sicut
1152 646 1239 693 reve

115 723 216 788 latum
236 710 297 786 fuit
313 721 470 806 judicium
496 720 638 788 Samueli
661 729 770 789 contra
791 722 936 809 Saulem,
966 745 1038 810 per
1066 725 1239 812 signum,
1257 747 1291 799 to

117 825 196 890 sicut
218 824 380 890 Pharaoni
401 824 580 890 revelatum
604 823 665 889 fuit
684 844 743 908 per
764 824 870 910 signa,
901 825 987 908 quod
1008 827 1096 893 Deus
1114 828 1239 912 judica-

117 931 208 992 verat
221 924 263 991 de
277 925 465 993 liberatione
479 925 615 992 filiorum
629 926 738 992 Israel.
768 925 963 994 Oratione
978 927 1239 1015 impetrante,

117 1026 203 1111 quod
231 1027 368 1111 sciebat,
398 1027 453 1109 qui
481 1026 610 1094 dicebat
638 1026 777 1094 secundo
806 1028 1087 1114 Paralipomenon:
1115 1032 1240 1116 „Quum

115 1129 296 1214 ignoremus
312 1129 389 1211 quid
410 1148 506 1214 agere
529 1129 702 1196 debeamus
723 1129 786 1195 hoc
803 1131 906 1196 solum
926 1131 1080 1197 habemus
1108 1131 1237 1218 residui,

118 1230 205 1313 quod
228 1231 336 1297 oculos
361 1236 486 1298 nostros
508 1231 552 1296 ad
574 1233 622 1299 Te
644 1229 849 1313 dirigamus.⁴⁴

200 1333 517 1418 Disceptatione
540 1354 616 1400 vero
632 1332 839 1400 mediante
862 1333 1044 1419 dupliciter:
1067 1339 1122 1399 aut
1143 1340 1239 1420 sorte,

117 1441 170 1500 aut
185 1434 367 1501 certamine.
406 1433 534 1500 Cartare
550 1435 675 1519 etenim,
699 1436 740 1500 ab
763 1455 801 1501 eo
818 1435 904 1517 quod
918 1439 967 1501 est
982 1439 1101 1510 certum
1123 1435 1239 1520 lacere,

118 1536 235 1603 dictum
259 1540 317 1602 est.
363 1535 479 1602 Sorte
509 1535 638 1617 quidem
666 1536 729 1603 Dei
753 1535 910 1621 judicium
940 1536 1129 1619 quandoque
1151 1559 1238 1605 reve

116 1640 199 1705 latur
221 1636 418 1721 hominibus,
448 1643 483 1701 ut
504 1644 594 1721 patet
621 1638 656 1704 in
677 1639 900 1705 substitutione
922 1638 1077 1705 Matthiae
1098 1640 1132 1704 in
1152 1639 1238 1706 Acti-

117 1741 173 1806 bus
196 1739 432 1825 Apostolorum.

201 1840 433 1908 Certamine
449 1862 525 1907 vero
538 1839 707 1925 dupliciter
718 1841 781 1907 Dei
791 1842 948 1926 judicium
959 1842 1115 1928 aperitur:
1130 1842 1183 1908 vel
1198 1863 1239 1909 ex

118 1944 281 2012 collisione
309 1943 440 2026 virium,
470 1943 550 2008 sicut
578 1942 614 2006 fit
641 1963 712 2028 per
742 1942 924 2009 duellum
953 1944 1152 2029 pugilum,
1182 1945 1237 2026 qui

120 2045 296 2113 duelliones
319 2044 416 2111 etiam
437 2049 605 2129 vocantur3
630 2045 682 2110 vel
705 2065 753 2110 ex
775 2046 1036 2113 contentione
1059 2045 1237 2130 plurium

119 2149 156 2214 ad
178 2146 314 2229 aliquod
336 2146 461 2229 signum
482 2147 669 2230 praevalere
692 2146 887 2231 conantium,
916 2146 998 2212 sicut
1025 2145 1061 2210 fit
1092 2168 1150 2231 per
1181 2167 1238 2232 pu-

118 2267 210 2331 gnam
242 2247 435 2314 athletarum
471 2248 662 2313 currentium
689 2247 733 2312 ad
760 2247 937 2319 bravium.
969 2249 1093 2313 Primus
1126 2247 1239 2313 horum
1256 2261 1288 2310 55

118 2351 282 2419 modorum
305 2348 392 2435 apud
408 2348 551 2415 Gentiles
572 2349 726 2431 figuratus
747 2349 807 2414 luit
828 2349 861 2413 in
881 2349 939 2414 illo
963 2348 1071 2415 duello
1092 2349 1238 2415 Herculis

117 2458 145 2516 et
158 2451 295 2535 Antaei,
319 2450 408 2536 cujus
430 2450 612 2517 Lucanus
634 2450 778 2517 meminit
799 2451 832 2515 in
852 2455 964 2532 quarto
980 2449 1183 2533 Pharsaliae,
1206 2455 1240 2516 et

114 2549 287 2620 Ovidius
307 2553 341 2617 in
362 2573 446 2618 nono
468 2552 509 2620 de
530 2572 634 2619 rerum
655 2552 926 2618 transmutatione.
973 2550 1138 2618 Secundus
1158 2551 1236 2634 figu-

136 2706 162 2738 ⁴²
183 2703 254 2758 Edd.
282 2719 338 2773 per
364 2702 472 2772 sienem
488 2732 523 2742 -
548 2702 648 2757 Nobis-

181 2805 242 2843 cum
282 2786 387 2841 laeiunt
425 2778 502 2843 codd.
544 2793 570 2841 et
601 2787 647 2842 Fi·

181 2873 257 2928 cinus

199 2958 230 3012 F.
243 2956 412 3028 judicaverit
429 2955 463 3009 de
480 2955 647 3011 lib—Edd.

182 3048 237 3096 ant.
256 3039 426 3095 indicaverat
443 3040 477 3095 de
496 3041 539 3096 lib.
558 3072 592 3080 -
614 3040 647 3095 V.

183 3125 298 3181 indicae.
318 3125 503 3181 liberationem

142 3212 166 3244 ⁴³
183 3210 331 3265 Numerum
344 3209 513 3278 singularem,
529 3210 605 3265 codd.
615 3210 648 3264 A.

183 3302 211 3350 et
243 3295 282 3350 M.
317 3296 438 3363 sequuti,
473 3295 649 3363 restituimus,
681 3324 685 3331 ·

181 3396 264 3449 quum
280 3380 363 3434 verba
387 3395 421 3434 ex
437 3379 649 3450 Paralipomenis

182 3465 269 3518 relata
291 3464 345 3518 sint
367 3464 448 3519 unius
469 3464 486 3518 J
492 3464 648 3534 osaphat.

184 3579 217 3588 -
242 3547 350 3603 Caeteri
375 3554 402 3603 et
428 3549 486 3604 edd.
518 3549 648 3604 exhibent

183 3632 258 3705 qaod
273 3633 403 3700 sciebant,
421 3635 470 3703 qai
486 3633 612 3689 dicebant

199 3718 299 3773 citatio
324 3720 416 3773 textus
444 3718 538 3773 biblici
561 3723 650 3773 exstat

114 3863 118 3868 ,
181 3803 210 3858 in
228 3803 351 3858 omnibus
374 3806 482 3872 praeter
503 3802 536 3857 L.
561 3809 589 3858 et
605 3803 648 3869 V.‚

182 3888 230 3943 sed
247 3887 324 3942 deest
340 3888 369 3942 in
387 3888 446 3942 edd.

141 3975 164 4007 ⁴⁴
182 3973 216 4028 H.
227 4003 260 4013 -
269 3972 366 4041 reliqui
381 3987 473 4027 omnes
490 3973 650 4042 teneremus

183 4108 245 4162 ⁴⁰1.
265 4107 410 4162 Samuel.
430 4107 545 4170 (Cathol.
562 4106 696 4175 Regum)
714 4121 773 4174 cap.
795 4111 832 4159 15.

726 2702 751 2734 ⁴⁴
767 2701 800 2756 V.
818 2698 956 2756 residuum

726 2789 750 2820 ⁴⁵
765 2787 810 2842 Ita
830 2787 859 2840 in
882 2785 1005 2840 omnibus
1028 2791 1137 2856 praeter
1152 2786 1183 2839 P.
1209 2785 1238 2840 in

768 2876 884 2939 quaest
909 2870 1017 2925 lacuna.
1045 2901 1079 2910 —·
1110 2870 1180 2925 Edd.
1207 2876 1239 2925 at

768 2954 805 3011 ad
821 2961 847 3010 te
864 2955 958 3010 oculos
975 2955 1126 3026 dirr'qamns

726 3042 751 3073 ⁴⁷
769 3040 802 3097 L.
819 3071 854 3078 -
877 3040 910 3096 F.
927 3039 958 3094 P.
979 3039 1085 3095 Certate
1105 3045 1237 3095 ettamen

767 3157 801 3167 -
819 3125 852 3178 A.
870 3124 904 3178 Η.
923 3124 957 3178 V.
978 3125 1087 3180 Cartare
1104 3126 1185 3180 etiam
1203 3155 1237 3164 —

768 3210 805 3264 M.
825 3216 853 3265 et
870 3209 931 3264 edd.
950 3208 1060 3265 Cartare
1077 3212 1147 3265 enirn

727 3296 751 3328 ⁴⁸
767 3297 801 3351 A.
824 3295 857 3348 F.
875 3295 909 3348 H.
926 3294 958 3348 P.
976 3295 1010 3350 V.
1027 3325 1062 3335 -
1086 3294 1192 3364 Reliqui
1209 3298 1237 3348 et

768 3379 827 3434 cdd.
846 3378 927 3434 Sorte
944 3380 1077 3450 siqnidem

784 3463 854 3519 Edd.
865 3462 1030 3535 quandoque
1039 3463 1092 3519 Dei
1097 3463 1235 3534 judiciam

726 3548 750 3582 ⁴⁴
766 3548 799 3603 V.
819 3547 894 3620 qnod
905 3555 985 3618 patet

784 3635 818 3687 A.
835 3632 865 3686 P.
883 3630 989 3686 Matbei

727 3719 750 3752 ⁵²
767 3719 800 3772 A.
814 3718 848 3771 H.
867 3716 899 3769 L.
916 3715 949 3767 M.
968 3715 1001 3768 V.
1023 3731 1061 3769 erc
1078 3715 1236 3770 collectione

727 3803 750 3835 ⁴³
767 3802 797 3856 P.
816 3803 866 3872 qai
879 3800 1081 3872 perduelliones

663 3941 665 3948 .
726 3888 750 3920 ⁶⁴
766 3886 836 3940 Edd.
853 3885 965 3940 Primus
982 3885 1096 3939 istorum

727 3971 750 4004 ⁴⁴
768 3970 801 4025 A.
820 3969 1065 4039 transformatione

904 4106 928 4138 ⁴¹
945 4105 980 4160 Π.
997 4103 1088 4158 Mors.
1098 4119 1157 4172 cap.
1169 4107 1183 4155 't
1194 4119 1234 4172 sq.

149 4177 173 4210 ⁴⁸
195 4176 230 4230 II.
258 4174 380 4230 Chron.
410 4176 522 4237 tCathol.
546 4175 766 4244 Paralipom.)
790 4179 829 4228 20.
853 4191 878 4229 v.
906 4178 943 4226 tr.
1031 4173 1055 4205 ⁴⁴
1077 4173 1184 4227 Actus
1210 4177 1232 4226 1.

110 4254 136 4296 v.
156 4248 197 4299 26.

270 4246 290 4277 ⁵⁴
309 4244 417 4297 Lucam
434 4244 529 4298 Phars.
548 4243 594 4298 IV.
613 4247 671 4298 593.

746 4244 769 4276 ⁵⁸
787 4241 868 4297 Ovm.
885 4240 1094 4310 Metamorphos.
1112 4239 1160 4294 IX.
1177 4243 1233 4294 183.

993 4331 1007 4379 5
1014 4329 1029 4361 ‘l‘
