2910 4876
287 304 345 363 124
473 307 608 361 DANTlS
625 306 845 361 MONARCHIA
861 306 909 359 ΙΙΙ.
928 306 957 360 C.
979 312 1017 360 ll.
1040 311 1078 360 12.
1097 311 1149 370 (10.
1170 313 1219 371 ll.)

283 481 466 560 Magnum
498 480 560 544 sibi
587 486 620 545 et
640 479 805 545 Ecclesiae
834 479 1021 562 advocavit,
1045 480 1086 544 ob
1108 480 1257 563 injuriam
1279 483 1399 566 Longo-

283 581 455 648 bardorum
484 588 627 667 tempore
654 581 817 648 Desiderii
845 582 929 665 regis
952 601 1076 664 eorum,
1105 590 1136 649 et
1163 583 1248 664 quod
1272 585 1402 652 Carolus

283 685 324 749 ab
348 705 386 751 eo
409 685 529 770 recepit
544 684 672 770 Imperii
687 683 889 766 dignitatem
913 685 1148 767 nonobstante,
1165 686 1251 767 quod
1265 687 1402 756 Michael

250 786 461 871 dimperabat
498 786 586 872 apud
619 785 935 871 Constantinopolim.
990 787 1125 870 Propter
1163 787 1249 868 quod
1289 789 1400 875 dicunt,

283 888 368 969 quod
383 909 501 972 omnes,
525 890 579 971 qui
600 890 724 954 fuerunt
739 889 951 954 Romanorum
965 889 1178 971 Imperatores
1193 896 1268 973 post
1290 891 1400 976 ipsum,

281 995 314 1055 et
342 991 405 1075 ipsi
435 991 584 1057 advocati
612 989 775 1057 Ecclesiae
798 994 885 1069 sunt,
915 995 947 1052 et
970 987 1088 1055 debent
1115 991 1157 1056 ab
1179 992 1328 1058 Ecclesia
1350 994 1398 1058 ad·

280 1093 398 1158 vocari.
449 1093 499 1158 Ex
529 1114 591 1174 quo
620 1092 717 1157 etiam
746 1094 930 1171 sequeretur
957 1089 1015 1154 illa
1043 1091 1274 1177 dependentia,
1309 1115 1398 1177 quan

282 1195 470 1262 concludere
492 1196 612 1261 volunt.

234 1306 263 1355 ru
367 1297 408 1361 Et
430 1297 554 1363 adhoc
576 1295 810 1378 infringendum
831 1294 919 1376 dico,
950 1295 1035 1375 quod
1056 1295 1136 1360 nihil
1160 1294 1285 1381 dicunt,
1316 1319 1396 1364 usur·

281 1400 370 1485 patio
394 1399 479 1466 enim
503 1399 585 1483 juris
614 1419 678 1464 non
700 1397 776 1462 facit
802 1398 865 1481 jus.
917 1397 1002 1462 Nam
1030 1396 1058 1461 si
1079 1397 1139 1481 sio,
1170 1397 1285 1465 eodem
1308 1399 1396 1467 modo

281 1503 454 1568 auctoritas
461 1501 626 1566 Ecclesiae
641 1500 828 1584 probaretur
841 1498 1022 1583 dependere
1037 1500 1079 1565 ab
1092 1499 1305 1584 Imperatore;
1317 1507 1395 1587 post

191 1624 193 1627 ·
281 1625 376 1687 quam
399 1603 493 1670 Otto
516 1603 692 1686 Imperator
713 1601 885 1668 Leonem
901 1602 1025 1684 Papam
1046 1601 1198 1684 restituit,
1222 1608 1255 1667 et
1275 1603 1395 1670 Bene-

250 1702 256 1719 '
280 1706 431 1771 dictum
454 1702 617 1788 deposuit,
640 1723 783 1768 necnon
805 1703 837 1766 in
859 1702 990 1767 exilium
1012 1702 1045 1765 in
1068 1702 1243 1769 Saxoniam
1266 1704 1367 1773 duxit.

679 1913 800 1985 [carun
821 1925 883 1971 xm
907 1903 1001 1990 (xr.)]

365 2045 538 2112 Ratione
560 2064 635 2111 vero
659 2045 705 2109 sic
727 2050 869 2124 arguunt.
916 2038 1050 2106 Sumunt
1078 2043 1196 2108 etenim
1225 2047 1288 2112 sibi
1316 2048 1397 2133 prin-

280 2147 397 2233 cipium
413 2148 453 2212 de
469 2146 592 2213 decimo
608 2146 730 2231 primae
743 2145 981 2227 Philosophiae,
998 2144 1153 2212 dicentes:
1177 2145 1302 2233 Omnia,
1319 2169 1398 2231 quae

322 2333 441 2386 ²Verba
476 2332 509 2386 oh
546 2332 676 2402 iujuriam
712 2331 813 2384 hahent
933 2332 1006 2401 percit
1023 2329 1093 2385 rriltil
1108 2331 1203 2385 dicam
1219 2362 1252 2371 —
1277 2333 1312 2386 H.
1334 2335 1401 2406 infr.

347 2418 423 2472 codd.
444 2433 511 2485 quos
528 2416 693 2484 inspeximus
711 2431 812 2478 omnes,
932 2417 993 2470 dico
1012 2416 1086 2486 queml
1103 2416 1173 2470 mihil
1188 2416 1285 2472 dehent

347 2503 444 2571 quibus
463 2501 568 2557 accedit
586 2501 674 2555 Ficini
693 2500 812 2555 auctori·
892 2501 914 2534 ¹³
929 2501 963 2555 H.
979 2509 1123 2571 poricere
1144 2500 1257 2556 Otto-
1279 2502 1310 2556 P.
1324 2510 1404 2575 pcrt-

346 2596 397 2642 tas.
416 2585 812 2642 Desideranturinedittantt.
932 2602 1013 2655 qrram
1035 2585 1094 2640 Tito
1357 2581 1359 2583 ’

322 2675 332 2706 ⁵
350 2672 381 2725 F.
406 2671 527 2727 Michcel
546 2671 703 2742 Imperator
729 2672 811 2741 impc-
893 2670 913 2701 ¹³
931 2669 968 2722 M.
989 2670 1166 2725 Benedictum
1184 2671 1321 2744 disposuit

345 2758 426 2812 rabat
864 2753 929 2823 Cap.
946 2754 1007 2808 ΧΠ.
1057 2756 1118 2808 ¹A.
1137 2757 1167 2808 L.
1189 2754 1308 2812 Sumunt
1332 2763 1405 2815 enim

322 2841 381 2896 ⁷F.
408 2842 439 2895 L.
467 2841 506 2894 Μ.
535 2841 564 2893 Ρ.
591 2871 625 2879 -
654 2839 760 2908 Reliqui
786 2845 812 2893 et
930 2840 984 2894 sihi
999 2841 1171 2912 principium
1203 2844 1245 2905 (A.
1267 2845 1405 2914 primuml

344 2927 417 2982 editt.
432 2933 499 2998 post
516 2928 613 2998 ipsam,
632 2933 658 2979 et
675 2923 811 2996 aptanda.
932 2956 962 2965 -
974 2925 1011 2978 Μ.
1022 2923 1296 2982 Sururmteterrrisihi
1306 2932 1404 3000 princ.

343 3011 492 3066 Nobiscum
508 3010 575 3065 facit
592 3010 703 3065 Ficlnus
931 3039 965 3049 -
983 3010 1016 3063 V.
1035 3015 1145 3064 cararent
1162 3002 1260 3065 etcaim
1272 3013 1370 3084 princ.

361 3098 393 3148 A.
413 3104 438 3149 ct
456 3097 550 3150 dicum
567 3097 601 3151 ch
619 3095 744 3149 Ecclesia
770 3145 772 3150 .
908 3096 919 3127 ²
935 3097 968 3148 A.
987 3094 1141 3149 dedecima
1165 3097 1274 3166 primae
1294 3095 1404 3153 Pueros.

243 3242 245 3247 y
281 3215 282 3219 κ
321 3181 339 3232 ¹.
361 3184 371 3214 ⁸
393 3181 426 3233 H.
453 3182 487 3235 ab
514 3180 587 3236 Eccl.
614 3181 745 3233 carrotcri
779 3209 811 3217 ·-
931 3180 1046 3235 dicentis
1063 3211 1096 3219 —
1120 3180 1154 3234 H.
1173 3180 1276 3235 decimo
1289 3182 1406 3252 primae

344 3264 435 3318 Verba
452 3272 478 3318 et
496 3264 592 3319 dehent
613 3265 647 3319 ah
664 3263 739 3320 Eccl.
765 3265 811 3320 orl-
931 3265 1049 3319 diceutes
1065 3265 1146 3337 -ῥΜ,
1166 3266 1199 3320 cle
1216 3265 1321 3320 decimo
1334 3285 1405 3340 pro-

344 3350 438 3403 vocari
455 3364 509 3403 non
527 3348 653 3417 leguntur
670 3351 699 3403 in
717 3350 747 3404 F.
925 3351 1008 3421 price
1025 3348 1096 3404 Phil.
1115 3350 1234 3406 dicentes
1258 3382 1290 3392 -
1313 3353 1346 3408 F.
1372 3353 1405 3408 de

306 3436 327 3468 ¹⁰
344 3435 380 3488 M.
407 3433 613 3504 irrfriapcadum
642 3434 717 3505 quod
742 3435 811 3500 ilico,
931 3434 1034 3490 decimo
1052 3434 1125 3490 Phil.
1143 3436 1262 3490 diceutes

296 3607 431 3661 etitionem
454 3605 546 3674 Papae
568 3604 742 3658 Hadriani
765 3604 786 3657 Ι.
812 3609 906 3659 contra
930 3604 1152 3659 Desiderium
1176 3620 1265 3673 regem
1290 3606 1401 3677 Longo·

276 3622 421 3729 lardorum
439 3680 573 3742 suscepta.
611 3672 650 3726 Cf.
666 3672 792 3726 Tnournu
809 3675 980 3736 Aqurunrnn
993 3672 1034 3726 De
1051 3672 1178 3741 regimine
1195 3673 1282 3742 princ.
1296 3675 1344 3729 ΙΙΙ.
1362 3682 1401 3731 10.

277 3746 304 3798 et
327 3748 364 3798 18.
400 3743 451 3810 Qui
468 3746 558 3796 tamen
577 3756 608 3795 eo
626 3749 747 3810 tempore
764 3741 793 3794 in
811 3741 920 3795 Oriente
937 3741 1101 3810 imperabat,
1126 3758 1180 3796 non
1202 3747 1261 3796 erat
1278 3743 1400 3799 Michael

276 3809 446 3879 Rhaugabes,
466 3811 513 3864 sed
531 3809 786 3865 Constantinus
805 3809 1046 3879 Gopronymus.
1120 3810 1222 3863 ¹³Puta
1240 3810 1400 3868 Ottcnem

275 3879 404 3947 primum,
433 3878 479 3946 qui
496 3893 567 3932 anno
585 3883 643 3932 sut.
661 3877 890 3931 Benedictum
908 3877 939 3928 V.
959 3877 1097 3946 deposuit,
1119 3883 1148 3932 et
1164 3877 1354 3946 Hamburgum
1371 3881 1399 3934 in

276 3947 383 4001 exilium
400 3947 484 4003 misitt
502 3947 653 4000 Leonem
670 3962 733 4000 vero
751 3944 825 4001 V111.
843 3944 969 3999 restituit.

345 4015 417 4082 Cap.
435 4014 509 4069 x11.
545 4015 766 4067 ²Aa1sroranns
784 4014 935 4082 Metaphys.
953 4012 986 4065 X.
1013 4018 1032 4064 1.
1046 4011 1131 4068 thect.
1143 4016 1177 4065 2.)
1195 4013 1321 4068 translat.
1342 4023 1397 4070 ant.

276 4084 339 4147 „Sic
356 4083 448 4150 itaque
471 4088 586 4136 metrum
610 4083 727 4135 omnium
750 4081 822 4150 quod
839 4097 937 4141 unum.
962 4080 1025 4149 quia
1044 4080 1228 4148 cognoscimus
1247 4084 1399 4152 exquibus

276 4156 317 4206 est
338 4151 504 4216 substantia,
536 4150 682 4203 dividentes
711 4158 758 4203 aut
780 4147 926 4203 secundum
957 4148 1147 4215 quantitatem,
1174 4156 1222 4203 aut
1248 4151 1400 4208 secundum

275 4220 418 4288 speciem.“
