2896 4876
532 333 814 392 Puonuuouuua.
1172 337 1237 394 LIII

160 511 298 596 Quidam
337 521 415 581 sunt
454 510 610 582 habentes
641 508 885 604 jurisdictiones
919 521 1082 607 separatas
1122 523 1154 582 et
1188 513 1236 584 di·

161 640 310 728 stinctas,
345 639 386 709 ita
414 638 499 734 quod
528 662 592 709 uua
619 638 659 710 ab
686 638 745 708 alia
780 662 844 710 non
873 637 1044 734 dependet,
1072 662 1132 709 uec
1158 652 1235 713 sunt

162 767 222 839 sub
237 765 353 837 eodem
372 765 519 855 domino,
539 776 575 836 ut
589 764 672 864 Papa
692 765 922 865 etlmperator.
950 765 1044 837 Tunc
1060 789 1147 837 unus
1166 791 1232 839 uon

160 903 265 990 potest
285 892 383 963 citare
401 892 434 962 in
454 893 618 964 territorio
635 893 778 965 alterius.
797 891 911 963 -lta
929 891 1236 988 loquiturClemen·

163 1021 227 1091 tina
247 1018 461 1110 „Pastoralis“
480 1021 526 1110 (2.
546 1019 593 1090 De
615 1018 762 1091 Sentent.
791 1030 823 1091 et
848 1043 884 1090 re
908 1017 1008 1113 judic.
1030 1019 1068 1111 ll,
1089 1020 1147 1111 ll)
1169 1051 1235 1111 -;

161 1149 216 1220 sed
254 1147 349 1218 debet
384 1148 549 1242 requirere
584 1147 676 1219 illum
700 1145 862 1241 judicem,
889 1146 922 1216 in
950 1143 1042 1239 cujus
1070 1147 1235 1219 territorio
1287 1207 1288 1210 η

162 1287 219 1347 est.
281 1273 322 1344 Et
349 1274 428 1365 hoc,
460 1284 558 1370 prout
592 1283 744 1345 tenemus
771 1271 861 1344 illam
899 1272 1104 1368 opinionem,
1138 1298 1234 1369 quam

161 1402 264 1474 tenuit
282 1401 454 1493 DanteS,
479 1412 577 1497 prout
595 1401 682 1473 illam
702 1399 848 1496 comperi
875 1399 908 1470 in
936 1421 1003 1468 uno
1021 1399 1119 1492 libro,
1137 1425 1245 1498 quem

162 1530 253 1621 lecit,
288 1528 341 1625 qui
368 1539 502 1601 vocatur
527 1527 763 1620 „lllonarchia“,
793 1527 826 1596 in
861 1549 926 1622 quo
954 1525 1036 1598 libro
1064 1527 1238 1625 disputavit

161 1668 229 1729 tres*
260 1657 484 1753 quaestiones,
518 1680 655 1752 quarum
689 1678 753 1726 una
788 1653 864 1725 luit:
898 1678 938 1725 an
966 1652 1145 1750 Imperium
1181 1657 1237 1729 de·

160 1785 300 1882 pendeat
331 1783 375 1854 ab
401 1782 563 1876 Ecclesia,
597 1793 629 1855 ct
661 1782 782 1872 tenuit,
816 1782 903 1877 quod
931 1805 1009 1853 non.
1062 1781 1126 1854 Sed
1162 1795 1238 1879 post

162 1922 302 1984 mortem
338 1935 431 1983 suam
473 1911 563 2008 quasi
603 1919 737 2007 propter
776 1908 840 1980 hoc
878 1908 941 1980 fuit
983 1907 1155 1982 damnatus
1197 1912 1237 1982 de
1323 1927 1325 1938 ’

161 2039 297 2111 haeresi.
350 2037 433 2109 Nam
460 2037 607 2109 Ecclesia
641 2047 744 2128 tenet,
781 2036 867 2133 quod
894 2036 1072 2134 Imperium
1107 2038 1147 2109 ab
1173 2036 1236 2109 Ec·

162 2167 256 2239 clesia
285 2165 456 2262 dependet,
479 2164 708 2261 pulcherrimis
734 2163 925 2256 rationibuS,
950 2188 1030 2260 quas
1057 2164 1236 2257 omitto.⁵⁰)

210 2293 300 2364 Inter
325 2304 490 2384 auctoreS,
520 2294 575 2390 qui
602 2292 642 2363 de
669 2315 767 2388 opere
796 2301 907 2362 nostro
933 2290 1131 2386 loquuntur,
1163 2315 1239 2387 pro·

113 2422 233 2493 nimum
280 2429 369 2492 tenet
408 2421 516 2492 locum
560 2418 737 2492 lannorrus
776 2418 980 2510 Munn'rrus,
1020 2441 1117 2512 quem
1157 2418 1238 2490 vitas

114 2546 241 2640 Dentis,
275 2548 467 2620 Petrarchae
500 2557 532 2619 et
558 2547 697 2620 Boccatii
732 2550 818 2618 circa
849 2568 984 2616 annum.
1008 2543 1102 2616 1436
1136 2546 1239 2643 scrip·

115 2676 192 2748 sisse
221 2677 315 2747 docet
342 2674 466 2748 Melius.
512 2673 602 2759 Quae
635 2673 720 2770 apud
748 2697 823 2745 eum
852 2670 1022 2762 habentur,
1050 2681 1082 2742 et
1115 2673 1235 2768 partim

116 2802 151 2872 ad
170 2782 291 2875 Bartoli
306 2802 415 2874 locum
438 2800 536 2873 modo
564 2802 760 2897 exscriptum
788 2823 823 2870 se
850 2799 1008 2890 referunt,
1034 2799 1123 2871 haec-
1140 2811 1238 2873 sunt:

163 2945 277 3018 Soluta
303 2969 432 3043 quoque
450 2946 595 3017 oratione
620 2944 824 3042 praeclarum
843 2942 1007 3039 quoddam
1027 2967 1108 3039 opus
1126 2944 1242 3036 edidit,

164 3075 250 3169 quod
268 3073 496 3166 „lllonarclria“
522 3072 720 3144 inscribitur.
761 3069 796 3140 ld
824 3068 857 3140 in
885 3080 950 3142 tres
977 3070 1079 3144 libros
1106 3071 1149 3143 ob
1175 3071 1235 3143 tria

163 3200 384 3298 pulcherrima
402 3200 544 3298 quaesita
572 3198 814 3296 speciosissima
832 3198 987 3270 distinxit.
1036 3198 1073 3269 ln
1095 3199 1231 3295 primo

165 3351 305 3425 namque
332 3327 402 3422 ejus
421 3329 529 3424 operis
547 3328 641 3418 libro,
659 3349 752 3397 more
778 3324 945 3397 dialectico
973 3325 1148 3417 disserens,
1164 3350 1238 3422 per·

164 3464 340 3546 scrutatur,
372 3479 412 3526 an
440 3455 479 3526 ad
507 3454 630 3526 bonum
658 3451 754 3524 Orbis
780 3461 941 3523 terrarum
969 3461 1105 3543 statum,
1141 3452 1239 3522 unius

165 3583 366 3674 dominatus,
393 3583 447 3679 qui
474 3580 659 3654 Monarchia
688 3602 803 3675 graece
829 3579 1024 3675 appellatur,
1056 3582 1238 3652 necessario

165 3711 357 3807 requiratur.
408 3709 444 3781 ln
478 3708 663 3781 secundo
695 3730 789 3798 vero,
821 3731 862 3777 an
896 3707 1036 3803 populus
1068 3705 1238 3777 Romanus

165 3837 252 3908 hunc
279 3837 376 3908 unius
403 3837 607 3909 dominatum
635 3835 696 3907 sibi
725 3858 790 3905 non
823 3831 940 3927 injuria
966 3831 1146 3904 adsciverit.
1199 3831 1236 3903 lu

166 3966 289 4036 tertio
317 3963 467 4060 denique,
485 3987 526 4034 an
554 3962 700 4058 ejusdem
723 3961 909 4032 dominatus
936 3960 976 4032 ab
1003 3959 1073 4032 solo
1088 3958 1168 4052 Deo,
1183 3958 1234 4030 rel

123 4148 319 4160 Q———un

201 4250 228 4314 50)
247 4247 287 4302 (lt.
304 4246 433 4301 Tnormu
449 4247 478 4301 in
496 4246 590 4301 Veltro
608 4245 757 4314 allegorico
774 4260 801 4313 p.
824 4245 879 4297 192.
