2910 4876
257 289 391 344 DANTIS
409 288 629 344 nonnosum
646 290 692 344 ΠΙ.
713 291 742 345 c.
765 294 803 343 14.
821 293 883 358 (13.)
905 295 942 344 ιε.
961 293 1025 356 (ιε.)
1138 286 1197 348 133

77 462 105 528 si
134 462 279 527 Ecclesia
312 462 373 527 sibi
406 459 496 526 dedit
527 461 617 525 illam
646 463 811 544 virtutem,
843 483 906 527 non
937 462 1078 529 habebat
1108 463 1199 527 illam

77 564 261 648 priusquam
284 563 388 629 daret:
411 568 443 629 et
455 563 502 627 sic
517 562 659 630 dedisset
681 564 743 629 sibi
759 562 845 644 quod
858 584 921 629 non
942 563 1094 646 habebat,
1111 562 1197 645 quod

78 670 126 730 θεῖ
147 665 354 748 impossibile.
1218 686 1249 736 35

161 767 256 846 Quod
269 787 345 832 vero
368 766 415 831 ab
437 766 577 846 aliquo
599 763 851 848 Imperatore
873 786 937 831 non
958 767 1123 850 receperit,
1142 788 1200 852 per

77 890 116 936 ea
139 889 222 951 quae
245 868 389 952 superius
411 867 580 931 manifesta
602 872 692 948 sunt,
715 872 804 949 patet
827 866 1026 932 sufficienter.

161 971 203 1034 Et
226 970 311 1051 quod
340 968 437 1034 etiam
459 970 500 1033 ab
528 967 706 1033 adsensu
736 969 907 1048 omnium
936 970 988 1035 vel
1011 971 1198 1052 praevalen-

66 1070 156 1137 tium
178 1091 241 1135 non
263 1070 420 1152 babuerit,
444 1071 515 1151 quis
538 1069 686 1135 dubitat?
711 1088 808 1150 quum
830 1091 893 1135 non
914 1070 1009 1137 modo
1032 1071 1145 1136 Asiani
1167 1078 1199 1138 θῖ

76 1173 218 1240 Africani
240 1191 366 1254 omnes,
397 1171 472 1252 quin
501 1172 598 1237 ctiam
620 1170 724 1254 major
744 1190 821 1253 pars
843 1173 1004 1258 Europam
1028 1173 1198 1239 colentium
1216 1196 1250 1246 40

77 1274 137 1340 boc
159 1272 351 1339 abhorreat?
378 1272 556 1337 Fastidium
581 1272 696 1339 etenim
720 1278 784 1354 est,
809 1274 841 1337 in
863 1275 956 1340 rebus
978 1275 1197 1342 manifestissi-

73 1376 136 1443 mis
159 1375 365 1459 probationes
387 1373 555 1441 adducere.

467 1581 588 1654 [carun
609 1597 667 1643 xv.
692 1575 807 1662 (muli

161 1730 257 1795 Item:
285 1728 371 1792 lllud
394 1729 480 1810 quod
502 1734 550 1793 θεῖ
581 1733 689 1795 contra
714 1736 860 1794 naturam
882 1729 1034 1814 alicujus,
1055 1754 1128 1798 non
1152 1738 1202 1800 θεῖ

77 1831 116 1895 de
145 1850 276 1894 numero
308 1850 435 1895 suarum
463 1829 629 1912 virtutum;
665 1846 760 1911 quum
789 1830 921 1897 virtutes
950 1833 1199 1918 uniuscujusque

77 1931 124 1997 rei
158 1935 391 2013 consequantur
422 1938 568 1995 naturam
601 1931 687 2015 ejus,
721 1939 851 2016 propter
881 1932 952 1998 finis
986 1933 1199 2020 adeptionem.

78 2032 143 2100 Sed
161 2033 262 2098 virtus
277 2031 493 2098 auctorizandi
508 2053 639 2115 regnum
654 2038 781 2099 nostrae
797 2034 1011 2119 mortalitatis,
1028 2042 1076 2102 θεῖ
1092 2043 1200 2103 contra

76 2140 222 2199 naturam
236 2134 416 2200 Ecclesiae:
439 2154 515 2216 ergo
529 2155 593 2200 non
616 2139 665 2200 est
682 2134 721 2199 de
744 2155 873 2200 numero
889 2136 1040 2201 virtutum
1062 2157 1199 2205 suarum.
1220 2165 1235 2213 5

161 2234 214 2301 Ad
243 2234 437 2301 evidentiam
467 2241 573 2301 autem
601 2235 746 2317 minoris,
778 2234 955 2318 sciendum,
980 2239 1066 2319 quod
1087 2245 1201 2304 natura

76 2337 242 2403 Ecclesiae
264 2336 366 2402 forma
388 2342 436 2402 θεῖ
458 2337 632 2402 Ecclesiae.
669 2336 753 2400 Nam
770 2338 916 2417 quamvis
938 2345 1052 2403 natura
1075 2339 1199 2406 dicatur

77 2440 117 2505 de
145 2439 279 2504 materia
308 2443 340 2503 et
368 2438 484 2520 forma,
513 2439 659 2523 proprius
688 2442 795 2503 tamen
819 2439 933 2505 dicitur
962 2440 1142 2524 deforma,
1166 2446 1201 2505 ut

77 2546 239 2608 ostensum
268 2546 318 2605 θεῖ
353 2540 387 2605 in
413 2541 561 2605 Naturali
590 2538 708 2604 auditu.
760 2541 878 2607 Forma
906 2546 1013 2607 autem
1035 2542 1199 2608 Ecclesiae

103 2743 126 2775 ³⁴
144 2741 209 2806 sibi,
248 2739 320 2808 quod
351 2747 414 2809 post
445 2742 610 2811 priusquam
688 2741 712 2773 ⁴²
729 2740 760 2792 F.
774 2742 966 2812 probationem
984 2742 1081 2798 adduc.

144 2826 223 2879 daret
254 2824 381 2878 exhibent
404 2824 495 2891 editt,
522 2839 611 2893 neque
664 2825 728 2893 Cap.
747 2825 807 2878 XV.
843 2827 854 2858 ⁴
877 2827 1013 2881 Evictus
1037 2827 1201 2882 conlocandi

144 2910 248 2964 habent
279 2909 370 2975 codd,
403 2924 491 2978 neque
516 2908 612 2962 habuit
708 2911 767 2963 6Α.
786 2910 824 2963 Μ.
843 2911 873 2964 P.
892 2911 1030 2966 sciendam
1052 2910 1184 2980 estquod

144 2993 264 3048 Ficinus.
707 2995 716 3023 ⁷
735 2993 766 3046 Ρ.
784 3000 885 3048 natura
902 3012 960 3050 θεεθ
975 2996 1070 3064 forma
1088 3002 1128 3049 θεῖ

103 3081 127 3114 ³⁰
143 3080 176 3134 L.
195 3080 225 3132 P.
251 3077 331 3144 Quod
353 3084 442 3131 actem
466 3077 500 3133 ab
519 3080 611 3148 aliquo
709 3079 769 3132 8Α.
788 3079 821 3132 Η.
836 3079 867 3133 Ρ.
886 3080 919 3133 V.
940 3097 993 3152 per
1012 3082 1093 3152 prius
1111 3085 1200 3134 tameo

143 3196 178 3204 —
194 3164 226 3217 F.
247 3162 325 3229 Orrod
342 3164 375 3218 ab
393 3163 487 3232 aliquo
731 3165 832 3218 dicitur

102 3251 125 3284 ³⁷
142 3251 173 3303 L.
191 3250 319 3320 superius
335 3248 480 3316 manifeste
497 3246 612 3301 dicto-
709 3249 720 3282 ⁹
736 3249 774 3303 M.
799 3256 936 3304 ostensum
965 3255 1004 3303 θεῖ
1026 3266 1082 3320 per
1108 3248 1200 3303 Philo-

144 3334 182 3388 Μ.
200 3334 328 3403 superius
346 3332 419 3386 dicta
436 3363 469 3370 -
484 3333 516 3384 A.
534 3348 614 3402 supe-
733 3333 848 3406 ropham
873 3336 900 3388 ia
927 3332 979 3387 biis
1003 3351 1074 3403 puae
1095 3334 1129 3388 de
1151 3350 1199 3387 na-

144 3419 203 3471 rius
219 3418 298 3486 facta
733 3420 818 3473 caroli
834 3420 931 3472 auditu
951 3449 980 3458 -
996 3416 1027 3469 F.
1045 3425 1094 3470 ost.
1113 3423 1153 3470 θεῖ
1171 3418 1199 3470 in

104 3501 127 3534 ³⁸
144 3502 178 3554 A.
196 3501 231 3555 H.
249 3501 281 3553 L.
296 3502 334 3555 M.
350 3502 380 3556 P.
391 3500 614 3570 -Edittrqood
732 3503 765 3556 de
783 3509 873 3557 φθαῖεν.
892 3501 956 3556 cred.

145 3587 226 3640 etiam
250 3603 361 3640 assensu
385 3586 503 3640 omnium
527 3616 561 3622 —
578 3584 611 3637 V.

145 3670 220 3740 quod
237 3677 264 3724 θῖ
280 3672 318 3726 ad
333 3687 440 3726 scarum
459 3669 576 3724 omnium

146 3856 218 3925 Cup.
236 3855 302 3911 XV.
356 3857 578 3910 'Anrsrornnns
604 3856 758 3926 Physica
783 3856 844 3909 Lib.
871 3856 905 3908 ll.
934 3871 993 3924 cap.
1022 3861 1043 3909 1.
1072 3856 1143 3916 (lect.
1162 3861 1198 3924 2.)

79 3926 175 3979 transl.
193 3931 245 3978 vet.
282 3923 360 3989 „Uno
386 3925 490 3991 quidem
513 3926 591 3978 modo
616 3928 714 3978 natura
736 3925 775 3977 sic
799 3924 913 3989 dicitur,
940 3925 1026 3992 primo
1054 3924 1198 3993 unicuique

77 3993 203 4060 subjecta
219 3992 366 4046 materia
383 3992 540 4046 habentium
558 3992 586 4045 in
604 3993 699 4060 seipsis
709 3995 798 4046 motus
815 3991 979 4061 principium
996 3999 1023 4046 θῖ
1032 3993 1197 4047 mutationis.

76 4061 140 4115 Alio
158 4067 248 4114 autem
266 4060 345 4114 modo
363 4060 450 4114 forma
465 4068 493 4113 et
510 4061 621 4128 species,
641 4075 709 4129 quae
727 4065 768 4114 θεῖ
787 4059 934 4114 secundum
952 4061 1090 4114 rationem.
1119 4060 1198 4128 Quod

78 4136 170 4184 autem
187 4132 229 4182 θεῖ
247 4145 280 4182 ex
297 4129 352 4192 his,
376 4134 475 4182 natura
500 4128 605 4197 quidem
629 4144 683 4182 non
701 4135 756 4192 θεῖ,
780 4129 827 4182 scd
845 4143 861 4181 a
879 4132 991 4189 natura,
1009 4132 1041 4181 ut
1058 4129 1151 4182 homo:
1171 4135 1199 4184 θῖ

77 4197 164 4266 magis
181 4201 279 4250 natura
297 4204 338 4250 est
355 4212 435 4265 quam
452 4198 566 4250 materia
585 4239 591 4250 .
611 4239 617 4250 .
637 4236 642 4248 .
678 4196 801 4264 Amplius
818 4196 852 4249 fit
869 4211 903 4250 ex
920 4196 1028 4250 homine
1045 4197 1132 4261 homo,
1150 4198 1198 4252 sed
