2902 4874
361 279 495 335 DANTIS
513 279 731 336 MONARGHIA
748 281 768 335 1.
787 280 815 336 G.
837 285 876 336 12.
897 285 958 348 (ll).
1186 277 1226 341 23

90 454 204 520 etiam
225 458 336 539 patere
357 457 470 535 potest,
495 450 581 534 qnod
603 451 799 518 substantiae
821 452 1069 538 intellectuales,
1094 473 1227 538 quarum
1245 459 1279 510 ²⁰

90 561 179 620 :sunt
195 553 415 637 immutabiles
437 553 624 636 voluntates,
647 573 790 620 necnon
812 555 937 623 animae
959 562 1127 642 separatae
1147 557 1228 624 bens

96 656 181 722 binc
190 656 360 738 abeuntes,
376 655 555 722 libertatem
570 654 692 721 arbitrii
703 656 744 722 cb
755 641 1230 726 immutabilitatemvoluntatis

100 776 170 824 non
192 758 350 840 amittunt,
374 757 432 824 sed
446 756 675 842 perfectissime
697 763 792 840 atque
813 757 978 841 potissime
1000 760 1061 825 hoc
1081 759 1227 826 retinent.

192 859 264 926 Hoc
291 859 376 942 viso,
410 857 524 923 iterum
551 858 753 924 manifestum
782 877 851 930 esse
879 864 1000 943 potest,
1035 859 1121 941 quod
1149 861 1230 927 hacc

110 959 256 1044 libertas,
291 960 359 1025 sive
387 958 576 1044 principium
603 960 665 1026 hoc
691 959 787 1025 totius
815 958 972 1026 libertatis
1000 965 1142 1044 nostrae,
1180 966 1229 1027 est
1247 969 1280 1021 25

111 1062 282 1127 maximum
312 1060 429 1127 donum
457 1061 615 1128 humanae
642 1067 773 1128 naturae
801 1061 913 1128 aDeo
946 1063 1112 1144 collatum,
1149 1062 1230 1128 sicut

113 1160 191 1248 dixi3
216 1163 291 1247 quia
312 1183 370 1248 per
390 1162 495 1248 ipsum
517 1162 569 1228 hic
590 1161 789 1247 felicitamur,
812 1170 846 1228 ut
868 1163 1022 1248 homines,
1044 1163 1229 1249 peripsum

113 1265 187 1331 alibi
214 1265 418 1344 felicitamur,
450 1268 484 1326 ut
516 1262 579 1328 Dii.
623 1264 717 1343 Quod
744 1263 772 1331 si
805 1264 851 1329 ita
883 1271 946 1348 est,
980 1265 1050 1349 quis
1084 1264 1143 1331 crit
1176 1264 1231 1347 qni

120 1415 158 1449 '²⁰
174 1415 208 1468 A>
228 1414 260 1468 F.
280 1431 351 1486 qaae
367 1421 430 1468 satit
447 1413 626 1468 itamatabt'les

136 1501 157 1533 ²⁸
172 1500 206 1554 F.
225 1499 256 1553 P.
274 1499 340 1554 bene
356 1498 419 1554 bima
436 1495 565 1552 babentes

194 1584 228 1638 H.
247 1585 375 1651 abeuntes
392 1584 420 1637 itt
438 1582 539 1638 coelam

194 1669 233 1722 Μ.
251 1668 281 1722 Ρ.
295 1666 484 1722 immutabilem
499 1663 646 1718 voluntatis

132 1754 159 1787 ²³
176 1752 355 1808 Scribonium
370 1751 475 1806 videtur
493 1746 564 1802 bama
581 1747 644 1801 reti·

176 1844 249 1902 aemi.
277 1836 364 1891 Ficin.
382 1844 479 1906 questa
500 1834 644 1902 riteapoao

135 1927 162 1959 ²⁵
178 1924 211 1979 L.
231 1928 258 1978 et
275 1920 335 1975 edd.
354 1926 463 1975 nostrae
481 1917 613 1974 libertatis

127 2011 166 2078 ²⁰,
177 2010 200 2042 ²⁷
217 2008 250 2062 F.
269 2025 286 2063 a
304 2005 361 2061 Deo
378 2005 506 2061 collatam
523 2004 594 2058 sicat
618 2001 646 2056 ia

764 1415 843 1470 abbia
850 1415 1005 1470 attribuito:
1021 1413 1231 1486 imperoccbi—

765 1499 857 1553 Verba
874 1504 904 1553 at
921 1498 991 1563 dixi,
1007 1513 1075 1568 quse
1091 1498 1232 1554 retinenda

764 1582 883 1653 putasti
900 1582 1004 1636 initium
1022 1582 1102 1639 huius
1121 1583 1231 1654 capitis:

766 1669 897 1736 „primum
932 1666 1094 1736 principium
1122 1673 1232 1725 nostrae

765 1752 897 1807 libertatis
915 1757 957 1806 est
973 1751 1084 1808 libertas
1096 1753 1232 1808 arbitrii:“

767 1838 902 1906 respicere
917 1836 1049 1892 videntur.
1068 1837 1233 1894 Commemo-

767 1921 898 1976 rationem
915 1920 1075 1977 Comoedias
1093 1937 1179 1992 neque
1189 1922 1235 1977 Fi-

769 2005 845 2060 cinus
867 2007 978 2070 habuit,
1004 2021 1054 2061 nec
1081 2005 1236 2062 habuerunt

180 2134 291 2148 .....
310 2090 456 2161 qaia-P.
475 2107 492 2143 a
511 2088 567 2143 Deo
585 2086 646 2142 coll.

178 2178 250 2234 simet
264 2215 345 2231 .....
359 2174 503 2230 omnimedis
518 2174 571 2227 iam
586 2172 649 2227 dixi

180 2263 245 2333 qaia
257 2291 291 2302 -
305 2262 336 2314 L.
350 2259 387 2314 ael
403 2276 435 2314 eo
453 2257 512 2314 coll.
531 2259 601 2312 sieut
618 2258 647 2311 ia

180 2343 499 2401 Paradisoeomerlieiam
507 2342 649 2412 dixiqtaa

179 2462 213 2471 -
229 2431 263 2484 A.
281 2429 315 2484 H.
324 2429 386 2484 V.a
402 2427 459 2482 Deo
469 2426 530 2482 coll.
542 2427 648 2481 sicatia

181 2514 245 2571 Par.
263 2508 382 2571 comedis
396 2514 448 2567 iam
461 2511 531 2576 itai,
541 2512 606 2583 qaia
619 2542 647 2550 -

180 2596 398 2654 Edd.o1)eoooll
402 2619 407 2649 :
420 2596 647 2668 qaia-Ficinus:

180 2682 229 2740 alte
246 2682 326 2738 Iddio
344 2682 400 2737 alla
423 2698 524 2737 amana
546 2686 647 2734 actara

766 2089 845 2158 primi
875 2090 956 2147 huius
990 2092 1078 2162 operis
1110 2091 1234 2146 editores.

766 2172 888 2242 Reliquis
905 2176 984 2246 igitur
998 2176 1136 2232 codicibus
1154 2191 1171 2230 a
1189 2192 1235 2230 cn-

767 2258 838 2313 rioso
861 2260 978 2328 quodam
994 2259 1118 2316 Paradisi
1135 2259 1236 2316 lectore

768 2342 860 2398 addita
878 2344 997 2399 dixerim.

725 2427 749 2460 ²⁸
766 2430 810 2481 An
825 2428 1021 2498 felicitabimar
1037 2434 1068 2483 at
1084 2429 1150 2484 Dii?

784 2511 1238 2569 stultisssimum-Hamas·

783 2595 852 2650 Edd.
872 2597 950 2663 Quod
965 2599 991 2652 si
1006 2599 1045 2652 ita
1062 2599 1113 2652 erit

783 2681 1241 2754 H.qaisqaidembumaaampemas

303 2800 350 2866 Or,
363 2798 464 2871 perciti
481 2818 498 2855 a
516 2804 611 2871 questa
628 2799 696 2871 aqui
711 2799 825 2853 altresi
839 2800 986 2873 secespita,

337 2868 438 2922 lanata
455 2870 477 2922 ν’
496 2868 509 2922 i
527 2869 554 2922 la
571 2869 644 2922 airtti
661 2865 710 2922 ebe
727 2868 869 2938 cansiolis,

338 2934 390 2992 Cle
407 2936 466 2990 alell
485 2950 595 2990 assensa
613 2935 653 2990 ἅθ’
671 2940 746 2989 tener
764 2935 792 2989 la
809 2936 905 3006 scolis.

302 3003 388 3071 (laest'
406 3005 420 3058 i
438 3003 460 3058 il
493 3004 618 3074 sirimpio,
638 3002 665 3057 la*
682 3002 752 3058 ande
768 3005 794 3058 si
805 3004 896 3076 piqlia

336 3071 444 3142 Ropisa
462 3019 492 3126 ig
508 3073 634 3125 meritare
651 3072 679 3125 ia
697 3072 749 3137 coi,
767 3072 884 3127 secondo

339 3137 392 3194 Cbe
409 3140 492 3195 buoni
508 3155 523 3193 c
539 3140 582 3193 rei
597 3140 686 3194 amori
702 3140 823 3212 accaqlie
840 3157 855 3195 e
871 3140 964 3212 ciplia.

303 3207 383 3264 Color
400 3206 448 3262 elie
465 3207 636 3276 rapiommmlo
654 3206 760 3263 cadara
778 3210 807 3263 al
822 3208 918 3278 fondo,

336 3273 362 3330 S
381 3291 506 3330 accorser
523 3274 547 3328 d'
566 3281 623 3328 esta
643 3276 738 3330 imitato
757 3276 887 3343 libertate,

340 3343 407 3399 Pero'
424 3342 550 3397 morellii
566 3342 684 3399 lasaiara
701 3343 731 3397 al
747 3344 853 3400 manda.

306 3411 389 3476 Omle,
402 3427 525 3482 pappam
542 3409 592 3466 aba
609 3409 639 3465 di
655 3414 813 3466 suecessitate

335 3478 428 3550 Serpa
446 3480 513 3550 apsi
528 3495 605 3532 amor
622 3476 671 3533 cbe
689 3479 785 3534 rleatro
803 3498 820 3535 a
837 3482 917 3536 acis
935 3480 1060 3546 accende,

335 3547 372 3602 m·
387 3547 515 3601 ritemeiio
533 3547 546 3601 i
564 3549 592 3601 ia
609 3547 655 3601 coi
671 3546 698 3602 la
710 3554 856 3628 potestate.

304 3615 345 3670 Lo
362 3615 451 3671 mobile
468 3615 540 3669 cirta
557 3614 686 3669 Beatriae
704 3616 812 3670 icteritia

337 3682 391 3737 Per
409 3683 434 3738 lo
452 3682 535 3738 libero
553 3682 675 3737 arbitria.

183 3784 530 3841 ²⁶Aucnos1sParadisus
549 3782 581 3837 v.
604 3789 642 3838 19.

322 3885 362 3940 Lo
378 3888 504 3958 iaaqqior
522 3885 584 3950 don,
602 3883 651 3941 ebe
669 3882 721 3939 Dio
733 3900 789 3955 per
805 3901 857 3939 saa
874 3882 1022 3955 lat-plezza

354 3954 436 4008 Fessa
453 3953 581 4018 creando,
599 3953 633 4007 ed
649 3950 705 4007 alla
722 3967 774 4006 saa
791 3953 900 4007 bontate

354 4020 406 4076 Pisi
424 4023 605 4091 eottsarmato,
623 4037 638 4075 e
656 4019 720 4101 quel
735 4018 774 4074 cli
792 4021 819 4074 ei
831 4021 883 4091 pisi
900 4035 1050 4091 oppressa,

321 4089 363 4144 Ila
381 4088 452 4144 della
470 4088 578 4143 colomtci
597 4089 623 4143 la
641 4087 772 4152 libertate,

357 4157 395 4211 m·
410 4156 459 4210 ebe
476 4155 501 4210 lc
518 4163 642 4211 tractare
660 4154 822 4227 intellipenti

358 4223 385 4279 a
400 4230 466 4279 tutte
485 4241 500 4279 a
516 4224 573 4279 sole
589 4225 657 4295 fara
674 4240 689 4278 e
706 4239 755 4278 son
774 4223 872 4279 dotate.
