2896 4876
527 357 813 413 PROLEGOMENA.
1168 362 1234 416 XXl

1059 439 1074 469 i

108 532 201 603 enim
220 540 315 601 notae
334 530 445 602 codice
464 556 558 603 usum
580 557 652 604 esse
679 533 812 605 doctum
841 538 1052 633 interpretem
1081 536 1234 608 facillime

108 659 332 755 cognoscitur.
387 659 501 755 Neque
536 671 600 730 tam
628 659 832 732 Fraticellius
866 687 962 758 quarn
999 662 1137 736 Turrins
1172 665 1234 736 hoc

108 786 295 858 subsidium
316 786 452 859 omnino
472 788 703 883 neglexerunl3
730 797 778 860 tot
804 813 882 860 vero
909 801 1062 887 tantaque
1090 793 1233 864 suntab

109 923 251 1010 utroque
278 938 393 985 eorum
421 915 661 1010 praetermissa,
688 926 724 986 ut
752 917 1000 990 successoribus
1027 918 1232 1014 spicilegium

110 1043 224 1114 minus
258 1066 355 1138 qnam
384 1065 527 1113 messem
555 1042 775 1137 colligendam
802 1044 973 1140 reliquisse
1000 1046 1066 1117 sint
1092 1045 1234 1118 dicendi.

213 1169 357 1241 Alterius
374 1169 544 1262 versionis,
563 1193 644 1265 quae
662 1168 868 1243 Ficinianam
887 1171 1010 1269 aliquot
1028 1172 1123 1243 annis
1142 1197 1234 1267 prae·

108 1297 250 1368 cessisse
286 1297 423 1388 videtur,
456 1297 601 1394 primum
629 1308 741 1394 caput,
779 1308 811 1369 et
836 1298 972 1388 secundi
999 1299 1121 1397 primas
1148 1299 1234 1370 xvn

106 1424 213 1496 lineas
231 1421 375 1522 (nostrae
394 1425 570 1516 editionis),
596 1435 629 1495 et
645 1435 812 1520 praeterea
831 1426 983 1501 ultimum
1011 1436 1108 1522 capnt
1135 1428 1235 1499 totius

108 1552 221 1648 operis
248 1577 265 1624 e
294 1552 406 1623 codice
423 1551 643 1625 Riccnnmino
671 1551 773 1624 edidit
791 1552 977 1626 Turrius.
1024 1554 1096 1625 Non
1122 1566 1233 1627 tamen

108 1676 183 1772 ejus
217 1680 376 1751 momenti
412 1679 493 1751 mihi
526 1679 593 1750 visa
628 1690 677 1751 est
704 1680 784 1752 haec
811 1681 989 1772 translatio,
1017 1692 1051 1754 ut
1077 1682 1116 1754 de
1144 1695 1234 1778 parte

109 1805 232 1877 inedita
260 1829 423 1878 curarem.

213 1933 374 2025 Tertiam,
408 1957 547 2030 eamque
574 1935 723 2006 omnium
751 1935 1012 2032 antiquissimam
1038 1938 1237 2030 versionem,

109 2062 145 2132 in
179 2061 292 2133 codice
327 2061 550 2157 manuscripto
584 2061 797 2134 bibliothecae
833 2063 1006 2135 nationalis
1043 2064 1235 2139 Parisiensis

107 2188 255 2261 indicare
295 2189 422 2261 videtur
448 2191 573 2261 Annon.
601 2187 822 2281 Mnusnuo.¹⁵)
876 2188 978 2262 Doleo
1014 2191 1145 2288 quidem
1181 2217 1235 2264 me

108 2317 312 2389 accuratiore
347 2314 445 2411 hujus
479 2317 600 2389 codicis
637 2318 751 2388 notitia
785 2341 910 2408 carere;
952 2318 1008 2390 sed
1052 2319 1233 2391 auctoritati

107 2443 286 2518 Marsandii
320 2445 359 2516 de
395 2455 498 2516 aetate
527 2445 717 2542 meritisque
743 2445 903 2517 librorum
932 2446 1233 2542 manuscriptorum

103 2571 284 2666 judicantis
317 2572 539 2669 permodicam
574 2572 674 2644 sidem
708 2572 890 2645 hahendam
918 2597 1008 2663 esse,
1040 2574 1156 2644 harum
1186 2597 1235 2642 re·

109 2723 186 2771 rum
212 2700 309 2797 periti
339 2723 405 2770 non
434 2696 656 2799 ignorant.¹‘¹)

162 3006 189 3068 ¹⁵)
216 3001 427 3058 IMcnoscrittr‘
443 3001 551 3058 italiam
572 2999 645 3055 della
668 2999 702 3054 R.
725 2999 838 3055 Bibliot.
857 2998 993 3072 Pma'qino
1012 2999 1037 3056 1.
1058 3001 1115 3053 125.
1149 3001 1234 3066 „Cod

109 3100 186 3152 7764.
223 3077 251 3150 d*
266 3095 479 3161 membranaceo,
494 3095 522 3149 in
528 3094 638 3166 piceolo
650 3093 751 3164 sopito,
763 3109 933 3166 perpamene
943 3091 1093 3150 lenissime.
1105 3096 1238 3150 carattere'

107 3191 189 3247 tondi
204 3208 219 3245 e
237 3189 325 3256 nitidi,
342 3188 374 3243 di
390 3206 460 3261 pap.
479 3190 545 3253 236,
570 3203 647 3242 verso
667 3186 693 3240 ta
714 3187 771 3256 fine
790 3186 836 3241 del
851 3187 941 3242 secolo
959 3187 1041 3253 XIV,
1059 3206 1104 3242 ma
1127 3188 1235 3260 dispro-

107 3287 274 3340 zictamente
291 3289 433 3338 mancanta
451 3283 481 3337 di
497 3279 613 3352 qualche
629 3280 728 3351 sopito.
765 3280 903 3336 Come'ncic
920 3298 972 3336 con
990 3297 1027 3335 un
1044 3283 1234 3352 volqarrizza·

107 3384 200 3434 mento
217 3376 264 3432 del
281 3375 349 3432 libro
367 3373 613 3431 dolchonarclric
630 3373 661 3428 di
671 3374 779 3438 Dante;
795 3374 1047 3440 volgarizzamento
1066 3376 1117 3430 ben
1134 3375 1233 3447 dequo.

106 3470 229 3527 secondo
246 3468 296 3524 cde
312 3470 352 3523 ma·
367 3485 451 3541 pare,
468 3468 507 3522 de·
527 3469 581 3539 piel
603 3468 648 3523 bei
668 3471 753 3538 tempi
775 3466 848 3522 delle
865 3474 961 3522 nostra
976 3468 1097 3538 sacella,
1115 3484 1130 3522 e
1147 3475 1234 3523 certa·
1261 3483 1267 3496 ·

106 3570 198 3619 mente
222 3563 331 3618 inedito.
368 3561 417 3616 Ne’
439 3562 561 3633 morqr'm‘
585 3561 711 3633 leqponsi
743 3561 841 3616 alcone
864 3576 974 3616 succose
998 3561 1130 3615 cotarelle
1156 3568 1233 3615 auto-

105 3659 194 3732 qrafe
211 3657 242 3712 di
257 3658 362 3727 Jocopo
381 3654 540 3717 Corbinelle',
562 3656 611 3726 pici
625 3670 782 3726 possessore
798 3654 845 3710 del
861 3654 954 3710 codice
966 3659 1103 3725 presente,
1123 3654 1190 3707 com'
1208 3655 1235 3708 ei

106 3753 195 3807 laceio
212 3750 308 3807 scritto
325 3748 356 3803 di
366 3748 487 3820 propria
504 3764 585 3803 mono
603 3752 633 3802 in
650 3747 696 3802 sul
707 3749 849 3820 princepale
867 3747 939 3802 della
952 3749 1047 3818 prima
1060 3747 1180 3817 popina:

197 3847 226 3909 ¹⁶)
245 3842 286 3899 Of.
305 3841 505 3910 Prolegomena
522 3847 625 3903 nostra,
641 3841 697 3910 jam
717 3841 801 3896 citata
818 3857 845 3910 p.
863 3839 1070 3894 LXlInLXlV.
