2910 4876
345 301 478 356 DANTIS
497 300 715 355 MONAROHIA
732 300 781 354 Ill.
801 300 830 354 O.
851 306 891 355 10.
1118 295 1175 357 121
1224 370 1227 375 Ι

58 480 163 559 potest
176 493 305 559 ponere,
328 479 456 557 praeter
476 472 511 537 id
527 471 613 554 quod
628 472 766 556 positum
782 476 838 554 est,
863 470 949 553 quod
971 478 1020 537 est
1035 472 1178 540 Christus
1196 492 1227 542 ³5

57 575 181 642 Iesus.“
223 576 298 659 lpse
321 579 371 642 est
392 580 499 659 petra,
522 594 618 659 super
641 594 736 655 quam
758 572 928 638 aedificata
951 578 999 640 est
1017 574 1175 659 Ecclesia3

57 676 186 761 Imperii
214 695 291 742 vero
321 675 577 757 iumdamentum,
604 675 659 759 jus
681 675 852 741 humanum
875 680 932 741 est.
976 676 1073 743 Modo
1097 676 1176 760 dieo,

57 778 142 860 quod
172 778 253 843 siout
281 776 447 844 Ecclesiae
473 776 680 843 fundamento
709 797 766 843 suo
797 777 981 843 contrariari
1008 779 1177 861 nonlicet,

56 879 114 945 sed
130 879 228 945 debet
242 899 367 964 semper
381 878 473 944 inniti
487 898 583 963 super
597 877 687 960 illud,
699 878 795 961 juxta
809 878 890 944 illud
906 879 1123 946 Oantiooru
1132 903 1177 947 m:

55 983 167 1064 „Quae
190 986 239 1046 θεῖ
266 981 344 1064 ista,
375 1001 457 1063 quae
484 979 629 1046 ascendit
659 979 699 1047 de
723 981 864 1063 deserto,
889 980 1008 1047 delitiis
1030 980 1172 1064 affluens,
1191 987 1223 1036 40

54 1084 165 1148 innixa
195 1102 290 1167 super
319 1082 470 1149 dilectum
499 1081 634 1147 suum“?
672 1082 717 1147 sic
745 1086 778 1148 et
805 1082 943 1166 Imperio
972 1082 1093 1148 licitum
1114 1104 1178 1150 non

56 1190 120 1268 θεῖ,
155 1189 264 1250 contra
289 1184 343 1268 jus
371 1184 544 1249 humanum
572 1183 696 1264 aliquid
728 1183 841 1249 facere.
894 1183 959 1250 Sed
989 1191 1098 1250 contra
1122 1185 1176 1269 jus

55 1288 229 1352 humanum
265 1291 366 1368 esset,
409 1284 436 1348 si
474 1285 615 1369 seipsum
651 1285 824 1370 Imperium
864 1284 1056 1369 destruerem
1101 1307 1175 1370 ergo

55 1387 193 1473 Imperio
216 1387 356 1471 seipsum
386 1387 550 1453 destruere
578 1407 642 1453 non
671 1386 754 1452 lieet.
806 1386 910 1466 Quum
932 1405 1008 1467 ergo
1031 1388 1176 1455 scindere

55 1488 236 1573 Imperium,
260 1494 343 1555 esset
358 1486 520 1555 destruere
542 1490 655 1575 ipsum,
680 1487 872 1554 consistente
895 1489 1031 1573 Imperio
1053 1489 1086 1554 in
1105 1492 1172 1556 uni-
1191 1497 1223 1550 45

55 1596 121 1654 tate
145 1590 347 1656 Monarchiae
376 1590 580 1675 universalis3
610 1589 812 1656 manifestum
841 1596 904 1672 θεῖ,
935 1590 1021 1672 quod
1045 1592 1175 1677 Imperii

55 1693 243 1758 auctoritate
277 1692 436 1775 fungenti,
470 1693 615 1759 scindere
648 1692 820 1776 Imperium
853 1712 917 1757 non
949 1692 1031 1760 licet.
1082 1696 1176 1775 Quod

56 1800 162 1860 autem
185 1793 346 1863 destruere
361 1793 532 1878 Imperium
555 1794 596 1859 sit
619 1798 728 1860 contra
745 1793 800 1877 jus
816 1794 997 1878 humanum,
1021 1815 1062 1861 ex
1082 1817 1174 1882 supe-

55 1896 190 1962 rioribus
214 1900 262 1961 θεῖ
283 1895 492 1962 manifestum.

57 2100 139 2163 enim
162 2098 204 2162 ad
228 2097 484 2182 jurisdictionem
513 2098 692 2181 ordinatur,
722 2102 754 2164 et
775 2118 839 2163 non
861 2118 879 2163 e
902 2118 1064 2168 converso.
1110 2102 1175 2170 Sed

57 2200 225 2285 Imperium
247 2204 295 2265 θεῖ
312 2199 508 2284 jurisdictio,
539 2221 663 2267 omnem
685 2202 895 2285 temporalem
920 2201 1175 2285 jurisdictionem

83 2335 104 2367 ³⁵
121 2335 154 2386 A.
168 2350 290 2405 ponere,
308 2335 362 2387 uisi
378 2333 407 2387 id

139 2419 280 2487 Sequimur
298 2412 374 2472 codd.
393 2417 425 2470 H.
444 2417 482 2471 M.
501 2449 535 2457 ——
556 2418 588 2472 In

122 2504 153 2556 F.
178 2503 208 2556 P.
228 2502 260 2556 V.
288 2502 385 2557 desunt
408 2504 490 2557 verba
514 2503 590 2574 quod

122 2594 161 2642 est
182 2617 217 2627 -
239 2587 271 2639 A.
290 2587 321 2641 L.
341 2596 367 2642 et
390 2588 464 2642 editt.
484 2591 589 2658 quiesi

124 2671 245 2728 Christus

83 2757 103 2790 33
120 2758 158 2811 M.
177 2760 260 2828 'saper
278 2773 359 2827 quam
376 2760 497 2828 factitata
515 2767 555 2814 est

83 2844 103 2875 33
120 2842 152 2896 F.
166 2843 218 2913 jus
235 2841 372 2897 dominam

81 2927 102 2962 ³⁸
118 2927 149 2980 F.
169 2925 252 2981 Modo
275 2927 335 2982 dico
357 2929 428 2983 sicut
449 2925 589 2982 Ecclesiae

137 3014 169 3065 A.
188 3013 259 3065 sicut
276 3011 398 3066 Ecclesia

82 3096 104 3130 33
120 3098 154 3149 Α.
172 3095 221 3150 sed
238 3097 318 3150 inniti
333 3111 439 3167 semper
456 3113 539 3168 saper

138 3178 589 3252 F.nonhabetuerbasoperiilud

137 3266 167 3320 P.
188 3265 294 3322 Cantici
311 3295 341 3304 -
360 3266 393 3320 A.
415 3265 540 3320 Comicae
555 3294 588 3303 -

120 3353 152 3405 F.
172 3351 275 3407 Cantas

81 3436 101 3468 33
121 3436 150 3489 P.
170 3435 292 3505 affluens
309 3436 396 3490 invisa

139 3520 171 3573 V.
190 3536 274 3591 saper
291 3518 417 3575 dele'ctam

724 2333 754 2386 P.
772 2335 842 2400 sicut
859 2340 886 2388 et
902 2334 1023 2406 Imperio

666 2418 690 2451 ⁴³
707 2417 746 2471 M.
781 2433 798 2471 a
833 2418 918 2487 primo
959 2420 993 2474 ad
1027 2421 1174 2476 secundum

708 2504 826 2574 sapsam
870 2504 1027 2572 prosiliens,
1077 2507 1175 2561 omitt't

709 2588 791 2661 verba
826 2588 969 2660 imperium
1012 2590 1175 2646 destrueret:

708 2666 774 2745 erpo
799 2674 912 2744 imperio
935 2676 1054 2746 seipsum
1080 2705 1114 2714 —
1141 2676 1173 2730 F.

707 2760 733 2811 si
749 2764 844 2813 contre
865 2759 947 2828 seips.
965 2757 1036 2831 Imp.
1054 2748 1174 2815 destrue·

707 2850 783 2896 retur
801 2859 867 2912 erpo
886 2850 937 2897 etc.

666 2927 690 2959 33
707 2928 740 2980 A.
755 2927 786 2980 V.
806 2945 873 2999 erpo
890 2926 1040 3000 Imperium
1057 2930 1175 3000 scipsum

666 3011 690 3046 33
706 3012 738 3063 A.
751 3012 782 3065 L.
795 3012 833 3066 M.
851 3012 930 3080 Quod
946 3020 1036 3067 aetem
1052 3013 1175 3068 scindere

707 3096 857 3168 Imperium

652 3183 689 3251 '⁵⁰
706 3181 740 3235 H.
753 3182 914 3253 jurisdictio
929 3185 1063 3256 proprior
1080 3189 1120 3238 est

666 3267 688 3299 ⁵¹
708 3267 739 3320 L.
759 3274 785 3320 et
802 3284 858 3322 riori
876 3270 1047 3324 econtrario

666 3352 689 3384 ⁵²
706 3350 775 3406 Edd.
794 3353 896 3422 antiqu.
924 3352 981 3408 Sed
996 3352 1118 3424 imperio
1136 3359 1174 3408 θεῖ

703 3436 863 3506 jurisdictio
881 3439 973 3492 —An
991 3437 1048 3493 Sed
1064 3440 1176 3510 Imperii

709 3527 748 3574 est
759 3521 939 3592 jurisdictio?

136 3621 229 3670 sarria,
248 3604 320 3672 quod
334 3605 449 3659 habetur
467 3605 493 3658 in
512 3608 588 3659 textu

121 3705 207 3755 sacro,
226 3689 377 3744 addidimus
397 3705 458 3744 cum
475 3689 509 3741 H.

123 3809 145 3840 33
164 3807 299 3862 Cantic.
320 3808 544 3864 Canticorum
563 3807 627 3875 Gap.
643 3809 715 3862 VlIl.
734 3826 757 3864 v.
771 3817 794 3864 5.
866 3809 888 3840 33
903 3808 944 3862 ef.
960 3808 1173 3864 Eusrnannruu

53 3878 233 3930 Annournus.
270 3877 311 3930 De
337 3886 398 3932 ortu
423 3884 450 3930 θῖ
472 3875 526 3929 fine
548 3875 625 3929 Rom.
643 3877 709 3945 Imp.
728 3892 788 3945 cap.
811 3881 848 3930 18.
885 3876 1080 3945 „Nequaquam
1097 3878 1173 3932 licuit

52 3944 191 4000 Hadriano
215 3944 389 4013 Imperatori,
414 3945 454 3999 vel
479 3943 635 4006 Jouiniano,
659 3943 725 3998 fines
744 3946 783 3998 Im
804 3944 853 3998 erii
879 3944 1035 4013 simpliciter
1061 3952 1088 3998 θῖ
1112 3963 1172 4000 eum

51 4012 256 4068 renunciatione
274 4013 388 4079 tradere,
409 4018 435 4068 et
452 4011 597 4081 Imperium
616 4011 689 4066 circa
706 4011 773 4066 fines
785 3962 888 4066 debitos
908 4012 1036 4074 limitare;
1056 4029 1105 4067 nec
1123 4014 1171 4067 ulli

50 4080 212 4150 Imperatori
235 4097 353 4148 unquam
377 4081 467 4143 licuit,
492 4081 533 4134 vel
557 4079 661 4145 licebit,
689 4081 751 4146 quia
777 4087 834 4134 tum
858 4079 966 4134 caderet
987 4082 1127 4136 anomine
1145 4086 1172 4136 et

50 4148 183 4218 dignitate
201 4149 330 4227 Augusti,
358 4151 429 4218 quod
453 4148 587 4217 significat
612 4148 755 4217 Imperium
778 4148 876 4202 debere
898 4163 1003 4217 semper
1020 4150 1125 4217 augeri,
1144 4157 1171 4204 et

48 4233 189 4285 nunquam
206 4223 316 4270 mruurss‘
