2910 4876
335 306 470 361 oannis
488 305 708 361 morannum
726 306 774 359 nr.
794 306 822 360 o.
843 311 882 361 rc.
903 309 966 371 (rs.)
1151 301 1210 377 137

88 480 130 544 nt
153 500 249 562 quum
272 478 375 544 omnis
396 484 509 543 natura
531 479 574 544 ad
588 479 734 543 ultimum
752 478 910 560 quendam
925 477 1020 544 finem
1039 477 1209 560 ordinetur,

89 583 306 664 consequitur,
336 587 371 646 ut
392 580 529 647 hominis
553 580 673 664 duplex
694 580 767 645 finis
790 580 934 663 exsistat,
958 585 1001 663 ut,
1025 580 1107 645 siout
1127 579 1211 645 inter
1228 596 1259 646 25

89 685 196 750 omnia
218 682 303 749 entia
318 682 404 747 solus
426 681 759 767 incorruptibilitatem
775 688 807 748 et
826 682 1124 766 corruptibilitatem
1138 700 1217 764 par-‘

88 787 217 870 ticipat;
241 785 287 850 sic
308 785 401 849 solus·
417 784 498 850 inter
514 784 620 849 omnia
642 786 744 869 entia,
767 785 801 849 in
816 784 878 851 duo
902 784 1014 850 ultima
1033 782 1208 849 ordinetur:

90 908 223 970 quorum
245 888 381 952 altemm
396 885 438 950 sit
451 884 523 950 finis
547 886 625 969 ejus,
649 892 742 971 prout
757 886 971 972 corruptibilis
989 890 1051 968 est;
1075 885 1210 950 alterum

90 1009 181 1071 vero,
204 992 299 1073 prout
319 987 576 1070 incormptibilis.

174 1091 264 1155 Duos
293 1088 390 1171 igitur
417 1089 496 1154 fines
524 1089 731 1155 Providentia
759 1091 816 1156 illa
845 1091 1067 1156 inenarrabilis
1089 1087 1211 1154 homini
1229 1088 1261 1138 30

88 1192 254 1278 proposuit
275 1189 500 1274 intendend0s;
533 1191 831 1258 beatitudinem
854 1192 977 1258 scilicet
1003 1191 1123 1275 hujus
1151 1189 1210 1253 vi-

89 1299 169 1376 tae,
201 1312 283 1374 quae
312 1293 344 1357 in
374 1293 557 1377 operatione
586 1295 734 1379 propriae
763 1297 889 1361 virtutis
912 1295 1071 1377 consistit,
1101 1296 1133 1357 et
1154 1312 1211 1376 per

89 1400 270 1460 terrestrem
299 1396 488 1461 Paradisum
515 1395 682 1479 figuratur,
714 1403 746 1462 et
775 1396 1076 1463 beatitudinem
1099 1393 1209 1458 vitae

90 1502 291 1579 aeternae,
309 1517 390 1580 quae
404 1499 546 1564 consistit
557 1499 590 1563 in
601 1499 750 1564 fruitione
763 1498 864 1564 divini
879 1501 1038 1581 aspectus,
1057 1496 1100 1560 ad
1115 1514 1210 1577 quam

89 1600 218 1682 propria
240 1600 341 1664 virtus
364 1600 536 1666 ascendere
559 1621 622 1666 non
643 1606 767 1684 potest,
796 1601 858 1666 nisi
880 1600 998 1666 lumine
1022 1599 1130 1664 divino
1153 1596 1208 1661 ad·
1229 1595 1260 1646 35

86 1701 173 1784 juta,
199 1721 281 1783 quae
303 1722 360 1786 per
381 1701 570 1767 Paradisum
593 1703 765 1768 coelestem
787 1703 925 1785 intelligi
948 1702 1050 1766 datur.

173 1803 224 1868 Ad
247 1804 306 1868 has
330 1803 459 1885 quidem
481 1804 711 1887 beatitudines,
742 1805 831 1871 velut
853 1804 896 1868 ad
918 1804 1063 1870 diversas
1086 1800 1209 1868 conclu-

89 1906 203 1987 sionen,
226 1926 285 1990 per
307 1905 434 1972 diversa
448 1905 556 1971 media
570 1907 680 1971 venire
696 1912 829 1991 oportet.
863 1907 947 1971 Nam
964 1906 1006 1971 ad
1028 1905 1210 1989 primam,

87 2027 146 2089 per
166 2006 455 2091 philosophica
479 2006 668 2073 documenta
690 2009 851 2090 venimus,
882 2007 1052 2073 dummodo
1081 2006 1139 2071 illa
1162 2024 1209 2070 se·

90 2128 232 2191 quamur,
251 2107 423 2174 secundum
439 2109 573 2175 urtutes
589 2110 727 2175 morales
742 2117 774 2175 et
789 2111 1022 2176 intellectuales
1037 2105 1209 2193 operando.
1227 2104 1261 2155 ¹¹⁰

88 2210 141 2274 Ad
170 2211 385 2275 secundam
414 2232 507 2295 vero,
536 2231 594 2295 per
623 2213 812 2278 documenta
840 2211 1097 2295 spiritualia,
1128 2227 1210 2290 quae

90 2311 262 2377 humanam
290 2312 446 2378 rationem
475 2312 731 2395 transscendunt,
762 2313 933 2379 dummodo
961 2314 1019 2377 illa
1042 2329 1212 2392 sequamur

89 2412 264 2508 secundum
286 2413 419 2478 virtutes
447 2416 646 2497 theologicas
676 2416 853 2500 operando,
877 2415 1007 2497 Fidem,
1032 2413 1130 2498 Spem
1152 2412 1210 2476 sci-

88 2515 165 2580 licet
188 2521 220 2579 et
243 2514 424 2581 cantarem.
477 2517 546 2582 Has
574 2518 670 2600 igitur
693 2518 910 2582 conclusiones
940 2521 971 2583 et
992 2515 1099 2580 media
1123 2512 1211 2596 (licet

90 2624 217 2684 ostensa
240 2620 303 2682 sint
317 2618 409 2684 nobis
432 2619 530 2683 haec
553 2620 595 2683 ab
618 2618 757 2683 humana
772 2619 903 2700 ratione,
928 2638 1009 2700 quae
1028 2637 1086 2703 per
1107 2616 1210 2699 philo·
1229 2615 1261 2666 45

116 2788 140 2821 33
157 2787 189 2840 F.
207 2787 240 2839 L.
257 2786 381 2854 seqrritnr
405 2792 434 2838 ut
452 2784 568 2839 dominis
594 2815 624 2826 -·

157 2872 190 2928 V.
209 2887 269 2925 curn
287 2870 411 2939 sequitur
428 2876 458 2922 ut
476 2868 546 2923 bom.

175 2956 207 3008 L.
227 2961 253 3009 et
272 2954 345 3008 editt.
363 2958 477 3009 recentt.
503 2962 537 3020 et,
555 2957 627 3008 sicut

158 3043 228 3095 inter
245 3041 336 3094 onrrria

117 3127 140 3159 ²⁸
158 3126 300 3195 Sequimur
323 3123 400 3179 codd.
426 3124 496 3179 inter
514 3140 543 3179 se
562 3140 626 3179 con-

158 3212 351 3266 sentientes-
364 3209 449 3263 Editt.
463 3216 550 3280 prout
568 3225 627 3263 car·

158 3297 305 3367 nuptibilia,
324 3296 439 3349 alterum

118 3381 141 3412 ³⁰
158 3381 191 3432 A.
216 3381 392 3435 Providentia
419 3379 461 3433 illi
485 3381 626 3434 inenarra-

159 3465 218 3518 bilis
234 3496 268 3504 —
285 3465 324 3519 M.
343 3464 453 3518 Prouid.
479 3464 526 3518 illa
550 3482 627 3519 uene-

159 3551 253 3604 rabilis
277 3580 309 3590 -
333 3550 355 3602 F
357 3549 444 3603 icinus
471 3550 626 3604 inerrabilis

158 3634 285 3688 habuisse
301 3634 414 3688 videtur.

117 3721 139 3753 ³¹
158 3719 190 3772 V.
203 3722 352 3790 proposuit
368 3719 519 3774 intendenti
541 3750 574 3759 -
592 3719 624 3773 F.

154 3821 268 3877 propos.
288 3805 454 3859 intendentes

176 3890 277 3944 scilicet
294 3905 348 3942 non
365 3890 482 3944 habetur
498 3890 526 3944 in
543 3889 574 3942 F.

118 3978 190 4029 3311.
216 3974 254 4028 M.
288 3990 340 4043 que
374 3977 401 4028 in
438 3991 520 4045 opere
562 3991 625 4046 pro·

157 4061 236 4131 priae
250 4060 310 4112 virt.

117 4147 141 4180 33
157 4145 190 4198 Η.
210 4160 266 4223 per
289 4150 442 4200 terrestrem
462 4145 624 4201 Paradisum

157 4231 283 4301 sipnatur

704 2786 728 2817 ³⁵
745 2784 813 2838 Edd.
833 2785 870 2838 aa
887 2801 968 2854 priam
987 2787 1073 2839 virias
1091 2787 1212 2857 propria

704 2871 727 2903 33
744 2870 782 2923 M.
802 2870 902 2923 iumine
920 2870 1010 2924 diuino
1029 2869 1161 2939 adjuncta
1179 2900 1212 2909 —

745 2955 776 3008 P.
796 2956 858 3009 laam.
877 2955 930 3009 div.
950 2955 988 3008 ad
1004 2956 1088 3009 uitam

705 3041 728 3072 33
745 3040 779 3092 V.
791 3040 861 3094 aelrrt
878 3039 1008 3094 adrasus
1025 3040 1212 3095 conclusiones

706 3125 729 3157 33
747 3123 779 3177 F.
797 3124 849 3178 diu.
869 3125 957 3180 media
975 3125 1099 3179 deverare

705 3210 728 3242 ³⁹
745 3209 777 3263 F.
795 3210 833 3263 M.
857 3214 895 3276 (et
916 3211 1028 3281 interpr.
1050 3215 1140 3276 anon.)
1159 3228 1214 3283 per

741 3295 858 3366 physica
876 3296 1036 3351 documenta
1058 3327 1092 3334 —
1116 3296 1146 3349 P.
1159 3313 1214 3368 per

740 3379 968 3452 pbilosophorum
987 3382 1045 3436 doc.

706 3466 729 3498 ⁴²
745 3465 814 3519 Edd.
825 3466 907 3534 antiq.
918 3464 1063 3519 humanam
1081 3467 1213 3520 rationem

747 3550 913 3606 transcendit

704 3637 727 3669 ⁴³
744 3636 775 3689 P.
793 3652 913 3706 requam.
926 3651 982 3706 per
998 3636 1110 3689 uirtutes
1131 3633 1210 3691 tlreol.

779 3721 813 3774 H.
831 3720 978 3775 seeundum
994 3719 1075 3788 fidem

705 3807 737 3871 33,
756 3805 778 3836 33
797 3806 900 3859 scilieet
916 3821 970 3859 non
979 3805 1077 3872 legitur
1093 3804 1163 3857 inL.
1173 3804 1211 3857 M.

746 3919 778 3929 -
801 3891 833 3942 A.
852 3888 933 3960 Spem
951 3891 977 3943 si
1000 3889 1062 3943 iicet
1084 3919 1118 3926 —
1141 3888 1211 3942 Edd.

746 3990 806 4028 cum
824 3973 880 4028 Fel.
898 3974 1000 4029 scilicet
1017 3972 1099 4044 Spem

704 4060 726 4091 ⁴⁴
744 4058 775 4111 F.
794 4058 855 4112 Has
872 4075 938 4128 erpo
956 4058 1042 4113 concl.
