2902 4874
268 265 309 327 lb
574 269 709 325 DANTIS
726 269 947 325 MONARCHIA
964 271 998 324 II.
1018 287 1042 325 c.
1061 276 1084 326 3.

267 440 317 507 nis
339 440 424 525 regis
445 441 600 526 Atlantis;
631 449 666 508 ut
688 443 728 510 de
744 444 899 510 ambobus
921 442 1137 510 testimonium
1159 443 1266 511 reddit
1288 448 1393 514 Poeta

267 550 376 610 noster
397 542 430 608 in
452 548 582 628 octavo,
604 544 659 610 ubi
681 545 807 614 Aeneas
829 545 872 610 ad
893 545 1077 611 Evandrum
1100 547 1146 612 sic
1168 546 1229 614 ait:
1384 597 1386 600 ι

216 699 248 751 55
453 694 598 748 Dardanus
615 694 715 749 lbacae
732 696 833 764 primus
851 703 930 764 pater
946 694 1035 760 urbIs,
1053 702 1080 750 et
1098 702 1208 764 auctor,

452 779 576 845 Electra,
595 784 625 833 ut
642 780 718 834 Graii
734 781 889 851 perhibent,
908 787 936 836 et
952 781 1090 836 Atlantide
1109 788 1212 848 cretus,

452 865 602 922 Advehitur
621 867 761 933 Teucros,
773 866 911 920 Electram
928 867 1061 921 maximus
1078 867 1157 922 Atlas

452 949 558 1015 Edidit,
577 952 717 1006 aethereos
734 951 845 1006 humero
864 952 910 1021 qui
927 953 1042 1008 sustinet
1059 953 1148 1008 orbes.

350 1088 445 1167 Quod
476 1093 583 1155 autem
615 1089 785 1156 Dardanus
819 1092 860 1156 ab
895 1090 1025 1175 Europa
1063 1089 1218 1173 originem
1250 1086 1387 1175 duxerit,

113 1267 115 1272 ,
215 1191 248 1241 60
266 1193 374 1256 noster
394 1189 493 1255 Vates
515 1190 664 1257 intortio
688 1198 809 1277 cantat,
834 1190 957 1258 dicens:

451 1339 504 1393 Est
521 1339 610 1404 locus,
628 1340 787 1410 Hesperiam
806 1341 882 1396 Graii
901 1341 1059 1410 cognomine
1077 1341 1183 1406 dicunt,

453 1423 544 1478 Terra'
554 1424 678 1492 antiqua,
696 1432 793 1494 potens
810 1427 903 1491 armis,
923 1433 1003 1495 atque
1021 1426 1104 1480 ubere
1120 1426 1223 1494 glebae.

454 1507 575 1562 Oenotrii
593 1508 700 1564 coluere
716 1510 779 1577 viri;
798 1525 871 1565 nunc
888 1510 973 1575 lama,
991 1511 1107 1565 mmores

450 1593 556 1647 Italiam
574 1592 685 1659 dixisse,
704 1594 779 1650 ducis
797 1594 830 1649 dc
848 1596 966 1661 nomine,
983 1601 1099 1664 gentem.

213 1685 244 1736 65
452 1679 512 1734 Hae
530 1678 609 1733 nobis
627 1679 754 1748 propriae
772 1679 862 1746 sedes;
880 1680 943 1735 hinc
960 1679 1106 1734 Dardanus
1124 1685 1209 1735 ortus.

264 1814 357 1897 Quod
379 1837 455 1884 vero
477 1818 571 1883 Atlas
594 1817 634 1884 de
656 1818 763 1885 Ahioa
784 1818 893 1902 fuerit,
916 1838 1006 1886 mons
1028 1819 1062 1883 in
1082 1820 1155 1902 illa,
1178 1838 1235 1885 suo
1258 1820 1386 1886 nomine

265 1919 383 2002 dictus,
413 1925 463 1984 est
490 1919 597 2002 testis,
629 1939 722 2002 quem
750 1939 822 1986 esse
850 1920 883 1984 in
905 1920 1014 1986 Aiir‘oa
1035 1919 1112 1986 dicit
1134 1921 1323 2005 Orosius,
1352 1922 1385 1988 iu

264 2040 322 2086 sua
343 2020 452 2085 mundi
476 2020 703 2106 descriptione,
732 2021 792 2087 sic:
821 2021 980 2105 „Ultimus
1008 2027 1115 2090 autem
1142 2021 1214 2088 finis
1240 2022 1312 2107 ejus
1337 2029 1386 2091 est

263 2142 354 2189 mons
383 2123 491 2206 Atlas,
521 2127 553 2187 et
580 2122 709 2190 Insulae
738 2141 818 2205 quas
840 2123 1031 2189 Fortunatas
1060 2123 1205 2191 vocant.“
1249 2124 1381 2209 „Ejus,“

213 2233 245 2282 70
262 2223 298 2289 id
320 2230 369 2289 est
390 2223 532 2308 Aiiicae,
556 2224 631 2305 quia
654 2222 694 2290 de
716 2223 787 2307 ipsa
808 2225 1005 2307 loquebatur.

348 2324 502 2401 Similiter
530 2327 628 2392 etiam
657 2325 849 2410 conjugio
882 2327 1085 2393 nobilitatum
1120 2327 1217 2394 fulsse
1245 2328 1381 2410 reperio.

261 2428 394 2494 Prima
415 2451 553 2513 namque
576 2426 693 2510 conjux
712 2426 847 2512 Creusa,
869 2429 989 2495 Priami
1010 2429 1095 2512 regis
1116 2428 1198 2512 filia,
1222 2428 1263 2496 de
1285 2429 1383 2495 Asia

260 2531 336 2615 fuit,
359 2535 394 2595 ut
416 2530 561 2615 superius
590 2530 701 2596 haberi
728 2535 834 2613 potest
862 2551 920 2615 per
942 2552 981 2598 ea
1004 2551 1085 2613 quae
1109 2529 1195 2596 dicta
1216 2535 1298 2597 sunt.
1341 2531 1383 2596 Et

262 2630 348 2715 quod
376 2633 470 2699 lberit
501 2632 632 2717 conjux,
668 2632 883 2698 testimonium
910 2634 1057 2718 perhibet
1084 2640 1191 2698 noster
1219 2633 1323 2698 Poeta
1350 2632 1383 2696 in

210 2746 241 2796 75
261 2735 372 2819 tertio,
394 2735 450 2800 ubi
471 2733 693 2801 Andromache
722 2733 761 2801 de
784 2736 921 2801 Ascanio
949 2735 1015 2801 filio
1041 2734 1184 2802 Aeneam
1205 2734 1383 2816 genitorem

260 2837 434 2918 interrogat
456 2836 516 2901 sic:

445 2968 515 3037 Quid
532 2984 600 3037 puer
617 2968 772 3022 Ascanius?
790 2976 950 3037 superatne,
969 2973 996 3023 et
1012 2968 1129 3051 vescitur
1146 2984 1228 3035 aura,

446 3053 530 3121 Quem
548 3053 599 3107 tibi
613 3053 670 3121 jam
688 3052 771 3121 Troja
788 3052 893 3123 peperit
910 3053 1031 3108 fumante
1048 3053 1168 3108 Creusa?

286 3258 308 3289 ⁵⁵
326 3256 357 3309 A.
377 3259 404 3310 et
421 3255 454 3310 V.
472 3255 548 3311 urbes
564 3262 591 3309 et
608 3260 685 3310 actor
871 3257 895 3290 77
910 3256 944 3310 L.
968 3255 1080 3312 Ultimus
1097 3257 1252 3329 ampba'onis

285 3342 307 3374 77
325 3339 455 3396 Ultimum
480 3344 507 3394 et
534 3341 709 3408 penultimum
733 3356 792 3395 ver·
871 3343 894 3375 ⁷⁰
910 3342 942 3395 F.
962 3341 1041 3413 ldjua
1059 3343 1163 3398 scilicet
1179 3343 1296 3412 Africae

326 3442 393 3491 sum,
412 3441 479 3494 quos
496 3424 623 3479 exhibent
639 3425 703 3480 libri
719 3431 792 3481 vete·
871 3428 894 3461 ⁷1
912 3428 945 3480 A.
965 3427 1065 3482 omittit
1082 3429 1162 3481 etlam
1168 3446 1180 3491 ;
1196 3426 1267 3481 Edd.
1286 3431 1314 3482 ct

325 3526 383 3577 res,
402 3510 463 3570 edd.
481 3510 616 3564 omittunt.
871 3512 895 3544 ⁷⁷
911 3511 943 3566 E.
961 3528 1036 3567 uxor
1055 3511 1157 3567 Creusa

285 3597 307 3629 77
325 3596 359 3651 H.
379 3612 503 3667 coquom.
521 3595 610 3650 dictur
870 3597 892 3629 ⁷⁴
910 3599 944 3650 A.
963 3596 1049 3652 Postu
1066 3597 1159 3652 dibeas
1175 3598 1205 3651 io
1222 3599 1303 3651 tertio

285 3682 308 3714 77
324 3681 356 3735 F.
376 3697 425 3736 occ
441 3682 520 3751 famu
870 3682 892 3714 ⁷⁷
909 3681 939 3735 P.
958 3682 1177 3737 accercitur·
1196 3681 1228 3735 F.
1246 3683 1378 3737 crescitur

283 3767 308 3799 ’77
324 3766 356 3820 L.
377 3764 407 3819 P.
427 3765 462 3822 V.
478 3764 557 3819 Haec
574 3763 648 3819 vobis
870 3766 893 3799 ⁷⁸
910 3766 1039 3821 Ultimum
1048 3766 1255 3832 hemistichium,
1269 3766 1377 3821 Maroni

284 3851 308 3885 77
322 3851 361 3905 Μ.
379 3851 412 3904 L.
431 3848 512 3916 Quod
527 3856 617 3905 autem
910 3849 1038 3918 ignotum,
1056 3850 1159 3906 habent
1175 3866 1277 3906 omnes.
1292 3881 1325 3890 —
1340 3850 1373 3904 L.

342 3935 372 3988 F.
392 3935 425 3989 dc
441 3935 541 4004 Afrr'ca
556 3935 615 4004 fuit
910 3935 947 3988 M.
961 3936 1074 4006 peperit
1091 3935 1176 4007 Iboja

324 4121 474 4175 ⁵⁷V1ae1n.
498 4120 596 4175 Aeneis
620 4120 693 4176 VIII.
719 4125 776 4176 134.
881 4093 1132 4175 unianimo.
1236 4123 1259 4155 77
1278 4121 1374 4177 Onosm

254 4188 390 4244 Historiae
407 4189 453 4243 lib.
472 4189 493 4241 I.
513 4205 571 4258 cap.
594 4193 617 4242 2.
634 4189 670 4243 iu.
760 4189 783 4221 ⁷⁴
800 4189 910 4269 Vmorn.
928 4189 1029 4244 Aeneis
1046 4189 1093 4243 III.
1114 4193 1173 4244 333.
