2902 4874
174 1195 396 1283 [DANTIS
418 1200 762 1284 ALLIGHERH
785 1202 1137 1286 FLORENTINI

513 1336 807 1406 MONAROHIAE.

479 1507 605 1570 LIBER
628 1508 836 1571 SECUNDUS

130 1603 307 1673 QUOMODO
325 1603 502 1661 Romanos
519 1605 684 1662 POPULUS
701 1607 752 1661 DE
770 1607 864 1664 JURE
883 1608 953 1664 SIBI
969 1607 1191 1664 ADSCIVERIT

287 1688 465 1745 OFFICIUM
483 1690 728 1746 MONAROHIAE
746 1692 829 1748 SIVE
847 1693 1013 1759 IMPERII.]

568 1833 689 1911 [onnon
710 1835 743 1908 1.]

180 1966 307 2050 „Quare
322 1964 516 2032 fremuerunt
530 1972 652 2051 gentes,
668 1972 701 2035 et
715 1968 826 2053 populi
840 1967 984 2035 meditati
1000 1974 1072 2034 sunt
1087 1969 1219 2035 inania?

74 2061 296 2134 Adstiterunt
316 2085 410 2149 reges
432 2072 551 2149 terrae,
581 2073 614 2134 et
634 2070 794 2156 principes
824 2074 1038 2136 convenerunt
1066 2070 1100 2135 in
1122 2091 1219 2135 unum

75 2170 251 2236 adversus
265 2169 446 2253 Dominum,
470 2173 503 2237 ct
523 2168 678 2236 adversus
693 2171 854 2236 Christum
875 2172 955 2256 ejus.
992 2172 1220 2257 Dirumpamus

76 2272 224 2338 vincula
247 2291 365 2354 eorum,
388 2275 421 2336 et
441 2271 648 2356 projiciamus
670 2293 691 2336 a
711 2271 804 2339 nobis
822 2273 936 2356 jugum
957 2271 1141 2357 ipsorum!“

134 2389 139 2395 ·
183 2371 272 2438 Sicut
286 2373 329 2438 ad
349 2372 465 2439 faciem
480 2392 597 2439 causae
611 2393 674 2440 non
688 2372 914 2458 pertingentes,
936 2393 1054 2440 novum
1069 2374 1217 2440 effectum
1235 2399 1250 2447 5

78 2475 304 2543 communiter
325 2473 528 2559 admiramur,
552 2475 607 2559 sic,
631 2494 726 2557 quum
756 2494 885 2540 causam
910 2474 1139 2558 cognoscimus,
1163 2494 1218 2541 eos

79 2579 148 2660 qui
173 2581 247 2642 sunt
269 2576 304 2640 in
324 2576 535 2643 admiratione
558 2581 723 2660 restantes,
747 2576 886 2658 quadam
901 2574 1059 2642 derisione
1082 2574 1216 2659 despici·
1266 2616 1269 2620 -

77 2698 175 2746 mus.
216 2676 410 2743 Admirabar
431 2678 579 2760 equidem
600 2678 790 2762 aliquando,
811 2679 989 2744 Romanum
1010 2677 1164 2762 populum
1185 2676 1219 2740 in

79 2779 182 2849 Orbe
205 2783 358 2845 terrarum
381 2779 449 2848 sine
471 2781 539 2845 ulla
559 2779 741 2846 resistentia
761 2779 861 2846 fuisse
882 2779 1094 2864 praefectum
1122 2797 1218 2860 quum

79 2885 219 2948 tantum
241 2880 482 2966 superficialiter
502 2882 638 2965 intuens,
659 2881 751 2946 illum
766 2880 854 2947 nullo
873 2881 955 2964 jure,
979 2879 1036 2949 sed
1058 2898 1269 2960 armorum10

81 2982 316 3051 tantummodo
339 2982 507 3069 violentia,
530 2984 705 3050 obtinuisse
727 2984 913 3049 arbitrabar.
960 2980 1026 3050 Sed
1047 2987 1218 3068 postquam

454 3171 457 3181 ι
512 3149 673 3189 ΑΒΝΟΤΔΤῙΟ
693 3146 810 3189 emulos.

47 3307 59 3324 ,
88 3253 163 3324 Cap.
180 3253 203 3306 Ι.
249 3253 260 3286 ³
286 3251 319 3307 F.
347 3251 378 3305 P.
408 3251 477 3306 Edd.
506 3251 633 3306 Dimum·
769 3252 800 3306 P.
828 3252 862 3312 V.
887 3258 914 3307 et
940 3252 1048 3323 quidem
1081 3281 1113 3293 -
1148 3250 1218 3306 Edd.

160 3352 264 3409 pamas
758 3338 891 3408 siquidem

138 3426 149 3456 ⁵
165 3422 199 3476 H.
217 3439 316 3477 acuam
334 3421 470 3492 officium¹
770 3421 920 3494 aliquando
937 3421 1013 3477 deest
1035 3421 1064 3476 in
1083 3421 1142 3477 cod.
1160 3420 1217 3475 Fel.

135 3509 147 3540 ⁷
164 3507 195 3561 F.
213 3507 333 3579 quadam
351 3507 485 3562 decisione
723 3508 734 3540 ⁹
751 3509 784 3561 A.
803 3507 835 3562 V.
853 3508 941 3579 fecsse
952 3506 1110 3578 perfectam

139 3594 151 3625 ⁸
168 3593 201 3644 A.
216 3591 249 3646 H.
265 3591 476 3649 Admoneantur
486 3622 518 3632 -
528 3592 558 3646 P.
573 3592 632 3647 Ad·
713 3593 733 3624 ¹⁰
750 3591 818 3646 Edd.
829 3597 891 3660 post
908 3591 998 3655 illam,
1016 3607 1071 3647 non
1080 3605 1142 3646 vero
1153 3594 1217 3660 post

154 3667 288 3735 'mirabile
752 3678 858 3730 intuens
876 3675 1044 3743 distinguunt

403 3830 441 3868 AD
458 3828 742 3869 luunaruudnulonnu
759 3827 915 3866 reclausis.

166 3930 239 4001 cap.
257 3932 284 3989 I.
323 3933 462 3986 ¹Psolm
483 3938 503 3986 1.
523 3949 547 3985 v.
568 3937 652 3985 1-3.
687 3932 795 3984 Actus
813 3928 969 3998 Apostol.
989 3932 1014 3982 4.
1032 3945 1056 3982 v.
1074 3932 1116 3983 25.
1136 3931 1176 3981 27.

102 4002 121 4033 ¹¹
139 3999 243 4054 Eadem
259 4001 318 4056 fere
334 4001 439 4056 ratione
448 4001 653 4056 Enonnnanrus
671 3998 757 4052 abbas
767 3999 967 4052 Annonnffim
985 3996 1026 4050 De
1044 4003 1106 4051 ortu
1124 4002 1152 4050 et
1163 3995 1217 4051 fine

100 4067 214 4128 Romani
230 4069 335 4137 imperii
353 4084 412 4137 cap.
437 4075 473 4122 ll.
510 4068 711 4130 „Certissimum
728 4071 771 4120 est
788 4080 822 4119 ex
831 4064 958 4129 historiis,
977 4064 1049 4134 quod
1067 4064 1218 4119 Romanum

100 4151 211 4204 regnum
229 4143 256 4190 et
272 4137 414 4207 imperium
432 4138 466 4191 ab
484 4137 560 4192 initio
580 4135 704 4190 conditae
722 4133 796 4189 urbis
820 4149 875 4188 non
893 4133 976 4187 crevit
993 4148 1079 4201 neque
1095 4132 1218 4202 pervenit

102 4204 135 4259 ad
152 4220 231 4259 suum
248 4208 364 4271 statum,
388 4204 440 4259 nisi
456 4205 559 4261 vicinos
577 4203 675 4273 primo,
699 4208 726 4258 et
747 4201 842 4258 deinde
865 4205 996 4268 remotos,
1021 4217 1053 4256 ac
1070 4201 1217 4257 remotissi-
