2896 4876
250 314 338 369 LXIV
643 311 851 368 EDITIONUM
868 310 1004 367 SERIES.

355 608 445 670 1610.
480 602 715 669 0111111111

662 822 666 829 ·
790 737 839 802 De

745 847 877 929 origine,

659 956 863 1039 Progressuq.
886 957 968 1022 sscri

572 1069 661 1132 Rom.
685 1067 824 1150 Imperii,
848 1074 914 1132 tum
937 1065 978 1132 de
1000 1066 1063 1131 lor·

593 1197 655 1259 ma,
678 1183 848 1261 potestate,
871 1177 1044 1242 authorita-

720 1293 815 1369 teque
836 1307 910 1370 sua3
1041 1314 1045 1326 ·

798 1404 829 1463 ct

658 1506 801 1589 qualiter„
816 1507 850 1572 id
872 1507 975 1591 ipsum

550 1615 593 1681 ad
616 1617 792 1682 Germanos
813 1619 1005 1684 translatum
1028 1617 1077 1699 sit,

508 1727 662 1793 Auctores
684 1727 806 1809 aliquot
828 1727 931 1812 prisci,
955 1727 1120 1810 insingnes

701 1857 739 1902 ac
762 1838 928 1921 praeclari.

435 1946 574 2026 Quorum
597 1946 766 2031 Sylltbum
788 1968 882 2014 versa
904 1947 1035 2014 exhibet
1056 1951 1195 2034 pagella.

713 2058 911 2124 Rccenscntc

606 2167 773 2233 Joachimo
796 2167 920 2248 (liuten,
944 2167 1019 2232 Par-

592 2278 756 2360 ohimensi,
781 2278 1028 2362 Megapolitano.

577 2392 614 2454 16
659 2389 802 2471 [Signum
824 2390 962 2472 typogr.]
1011 2395 1058 2454 10.

163 2582 170 2588 .
708 2497 918 2564 Offenbaohii.

255 2607 355 2692 Typis
384 2607 523 2674 Conradi
552 2608 699 2690 Nebenii,
734 2608 891 2692 impensis
916 2609 1003 2674 Petri
1036 2607 1179 2690 Musculi,
1203 2609 1230 2673 c
1252 2609 1377 2693 Ruper-

613 2721 636 2783 ti
659 2718 785 2783 Pistorii
809 2717 1005 2784 Consortum.

252 2881 290 2944 In
313 2885 425 2944 octavo
448 2879 573 2943 minori.
610 2879 829 2945 Monarchiam
844 2880 997 2946 exhibent
1012 2900 1043 2963 p.
1063 2882 1237 2945 131—235.
1266 2879 1378 2946 Unum

252 2988 799 3073 EngolbertiAdmontensis
822 2989 889 3073 (qui
913 2996 1052 3056 testante
1073 3010 1104 3072 p.
1121 2991 1171 3054 59.
1195 2988 1275 3055 vixit
1297 2996 1380 3056 tem·

253 3119 331 3184 pore
352 3098 482 3165 Henrici
506 3097 590 3183 VII.)
611 3104 780 3164 tractatum
810 3101 886 3183 „De
914 3108 983 3166 ortu
1013 3106 1045 3166 et
1066 3098 1129 3164 fine
1155 3099 1291 3164 Romani
1314 3101 1380 3165 lm-

254 3209 355 3293 perii“
379 3209 420 3275 de
442 3229 498 3274 suo
521 3208 640 3292 adjecit
662 3206 792 3293 Oluten3
820 3212 933 3293 reliqui
956 3230 1076 3292 omncs,
1106 3209 1219 3275 eodem
1242 3231 1378 3295 opuscu-

254 3320 357 3384 lorum
380 3319 501 3401 ordine,
525 3319 651 3402 repetiti
673 3327 747 3385 sunt
770 3340 810 3387 ex
831 3321 1019 3388 collectione
1041 3319 1248 3404 Oporiniana.
1286 3320 1380 3386 Dixi·

254 3448 323 3494 mus
347 3428 386 3496 de
409 3429 634 3496 beneditione
655 3451 686 3514 p.
711 3431 765 3496 VI.
