2902 4874
406 272 540 328 DANTIS
557 272 776 328 MONARCHIA
793 272 828 326 II.
848 288 870 326 c.
890 277 912 326 3.
932 279 955 325 1.
1197 269 1237 327 47

126 443 319 527 Secunda,
349 445 434 511 Dido
464 445 538 528 fuit,
569 445 681 527 regina
710 450 741 512 et
763 450 865 511 mater
888 443 1184 526 Carthaginensium
1205 443 1238 507 in

122 546 270 630 Africa3
295 551 328 612 et
350 546 436 629 quod
457 547 551 613 tuerit
574 547 705 631 conjux,
729 547 814 613 idem
836 551 944 612 noster
961 547 1065 613 Poeta
1086 545 1237 611 vaticina·
1257 551 1289 602 80

120 653 167 713 tur
188 648 221 713 in
245 653 373 732 quarto;
396 648 499 730 inquit
521 649 605 715 enim
627 646 667 714 de
689 649 832 714 Didone:

319 783 377 837 Nec
393 782 450 850 jam
467 780 594 835 furtivum
612 763 681 836 Dido
700 781 844 836 meditatur
861 795 990 847 amorem,

322 866 482 936 Oonjugium
499 873 590 931 vocat;
609 867 661 922 hoc
678 865 811 935 praetexit
828 865 935 920 nomine
953 865 1067 934 culpam.

118 991 273 1072 Tertia,
306 988 443 1055 Lavinia
474 989 548 1072 ruit,
587 988 784 1052 Albanorum
816 987 1091 1067 Romanorumque
1126 992 1236 1070 mater,

117 1094 201 1174 regis
223 1091 330 1157 Latini
351 1089 419 1181 filia
440 1091 560 1175 pariter
582 1095 614 1155 et
636 1089 742 1172 heres3
767 1089 795 1152 si
817 1107 927 1154 verum
950 1092 999 1152 est
1013 1087 1236 1175 ‘testimonium
1256 1094 1287 1145 85

117 1195 216 1261 nostri
238 1194 358 1258 Poetae
381 1191 413 1255 in
427 1191 549 1273 ultimo,
572 1190 627 1255 ubi
644 1191 785 1255 Turnum
802 1190 921 1255 victum
944 1188 1123 1272 introducit,
1147 1209 1236 1254 oran-

116 1301 179 1362 tem
202 1294 388 1378 suppliciter
410 1293 453 1359 ad
474 1294 616 1359 Aeneam
639 1291 699 1357 sic:

396 1466 401 1478 .
440 1469 444 1480 .
480 1424 588 1493 Vicisti3
608 1431 636 1479 et
652 1426 752 1479 uictum
769 1424 879 1478 tendere
896 1423 999 1492 palmas

352 1511 467 1566 Ausonii
484 1511 581 1566 ridere.
617 1508 678 1562 Tua
696 1514 737 1562 est
753 1507 867 1564 Lavinia
885 1510 992 1578 conjux.

116 1629 203 1709 Quae
230 1630 345 1696 ultima
371 1651 452 1733 uxor
479 1631 519 1697 de
548 1630 647 1696 Italia
670 1629 729 1694 fuit
716 1624 956 1714 Et‚uropae
984 1629 1114 1712 regione
1143 1630 1231 1695 nobi·
1251 1639 1285 1690 ιι

115 1730 244 1797 lissima.

197 1834 304 1898 Hisit
280 1840 387 1916 utaque
410 1832 453 1898 ad
475 1832 614 1899 evident
592 1839 669 1898 tram
685 1832 933 1917 subadsumptae
948 1833 1126 1915 praenotat
1117 1853 1159 1917 rs,
1184 1834 1234 1900 cui

115 1954 174 2002 non
198 1935 278 2001 satis
299 1954 486 2021 persuasum
509 1939 565 2018 est,
588 1933 724 2000 Romani
745 1933 856 2019 populi
874 1938 1006 2019 patrem,
1030 1940 1062 2000 et
1083 1955 1141 2021 per
1163 1956 1233 2002 cou-

116 2054 250 2119 sequens
272 2037 377 2122 ipsum
391 2036 560 2122 populum,
583 2034 815 2102 nobilissimum
837 2035 934 2102 fuisse
953 2037 1012 2101 sub
1035 2037 1147 2103 coelo?
1170 2038 1235 2103 Αιιι

115 2157 207 2219 quem
240 2139 274 2203 in
302 2139 359 2204 illo
383 2137 503 2222 duplici
531 2156 683 2203 concursu
712 2136 873 2218 sanguinis
905 2157 925 2200 a
954 2137 1097 2218 qualibet
1126 2139 1283 2204 mundius
1398 2175 1401 2183 .

110 2246 203 2322 parte
226 2239 259 2303 in
282 2259 378 2305 unum
401 2239 518 2322 virum,
540 2238 791 2322 praedestinatio
814 2237 923 2304 divina
945 2238 1081 2304 latebit?

571 2428 692 2531 [curus
713 2428 769 2503 ru]

196 2560 282 2627 Illud
312 2580 452 2644 quoque,
489 2559 575 2642 quod
603 2559 646 2624 ad
674 2559 722 2625 sui
756 2560 981 2645 perfectionem
1010 2559 1233 2626 miraculorum

99 2663 265 2744 suffragio
285 2663 432 2747 juvatur,
456 2666 505 2729 est
527 2681 547 2726 a
568 2661 638 2728 Deo
660 2661 809 2744 volitum,
840 2666 872 2728 ct
893 2681 950 2744 per
973 2679 1168 2742 consequens
1191 2661 1232 2730 de

92 2761 181 2843 jure
209 2764 253 2830 fit.
305 2763 346 2828 Et
375 2763 460 2846 quod
487 2763 551 2828 ista
578 2764 641 2827 sint
670 2783 761 2850 uera,
794 2767 898 2848 patet,
928 2761 1016 2845 quia,
1046 2762 1127 2827 sicut
1155 2762 1232 2828 dicit

96 2861 286 2932 Thomas
308 2865 341 2932 in
356 2869 449 2934 tertio
466 2885 522 2931 suo
546 2870 656 2959 eontra
671 2864 826 2930 Gentiles:
849 2863 1056 2947 „Miraculum
1072 2869 1128 2947 est,
1145 2862 1231 2947 quod

132 3034 156 3073 ⁷⁹
174 3031 213 3086 Μ.
232 3032 263 3083 V.
281 3032 339 3102 suit
358 3029 429 3090 urdo
699 3031 764 3099 Cup.
782 3030 828 3085 IV.
867 3033 875 3062 ¹
892 3030 923 3084 P.
943 3029 1021 3084 Illud
1037 3029 1112 3101 quod
1134 3029 1232 3085 adsui

134 3118 159 3150 ⁸⁰
176 3116 216 3170 M.
234 3115 267 3169 V.
293 3146 328 3156 -
354 3115 387 3168 L.
405 3119 497 3169 noster
515 3122 589 3170 vates
611 3145 644 3156 —
764 3147 798 3155 -
816 3116 849 3170 H.
868 3116 942 3175 Illud
959 3132 1067 3186 quoque
1084 3116 1183 3170 adsui

178 3201 285 3268 Reliqui
304 3200 432 3255 omittunt
444 3208 529 3270 poeta
740 3200 801 3254 ²H.
820 3217 880 3255 cum
899 3218 916 3255 a
933 3201 991 3256 Bao
1009 3201 1120 3256 volitum

136 3287 159 3318 ⁸⁷
177 3286 209 3339 L.
227 3285 387 3356 simpliciter
404 3315 438 3322 —
453 3284 486 3338 H.
505 3284 628 3339 similiter
739 3286 758 3352 ²,
778 3285 835 3339 ³1³.
849 3303 905 3357 per
922 3302 996 3341 cous.
1015 3304 1032 3341 a
1049 3286 1108 3340 deo
1123 3285 1158 3355 fit

137 3371 160 3404 ⁸⁸
177 3370 209 3424 L.
228 3370 342 3425 reddere
353 3368 466 3440 palmas
740 3370 750 3402 0
768 3368 799 3423 F.
822 3371 873 3426 ista
890 3373 925 3426 sit
943 3372 1008 3426 vera
1024 3401 1059 3411 -
1074 3371 1108 3424 Η.
1127 3370 1158 3423 L.
1177 3371 1229 3425 ista

95 3503 108 3510 -
135 3454 160 3488 ⁰⁰
177 3454 209 3507 F.
225 3469 279 3508 non
297 3453 380 3508 habet
397 3452 527 3525 Europae
763 3457 798 3508 sit
816 3461 916 3510 natura

137 3539 232 3593 0οΡιο
251 3538 299 3593 illo
316 3538 348 3593 F.
377 3539 484 3593 exhibet
506 3539 643 3594 adbrevia-
784 3539 816 3593 F.
835 3540 866 3594 P.
882 3545 959 3611 patet
975 3541 1030 3594 sic:

176 3623 276 3678 tionem
294 3638 361 3692 quae
379 3623 472 3694 utiquo
494 3623 644 3693 significare
781 3624 812 3678 F.
830 3626 901 3680 sicut
919 3622 1035 3679 Thomas

176 3707 289 3763 videtur.

178 3845 202 3878 ⁸⁰
217 3843 330 3898 Vrnam.
348 3844 447 3899 Aeneis
465 3844 512 3898 IV.
533 3849 588 3897 111.
687 3844 709 3877 00
726 3842 793 3897 ibid.
813 3844 872 3896 ΧΗ
891 3848 949 3899 936.
1046 3843 1069 3876 00
1086 3844 1226 3898 Aucuoars

99 3908 203 3994 Epist.
216 3911 251 3966 ad
268 3913 356 3994 Reges
376 3917 398 3979 ξ
419 3917 441 3966 1.
478 3913 583 3978 „Deum
607 3912 759 3967 Romanum
776 3911 928 3981 Principem
945 3910 1166 3980 praedestinasse
1183 3926 1226 3966 re·

100 3977 203 4036 lucet'
195 3997 224 4034 m
241 3981 314 4034 miris
332 3980 411 4036 effect
411 3982 499 4036 ihus.“

172 4047 247 4117 (lup.
264 4047 316 4104 IV
360 4049 510 4103 turoam
534 4048 691 4110 Aomunuus
714 4047 823 4101 Summa
842 4050 905 4102 cont
906 4062 936 4100 ra
954 4045 1074 4104 Gentiles
1098 4045 1146 4103 ΙΠ
1169 4051 1222 4101 101

92 4117 197 4193 „Haec
216 4131 284 4185 quae
301 4121 410 4186 praeter
434 4117 554 4173 ordinem
572 4116 747 4171 communiter
771 4115 799 4170 in
816 4115 896 4170 rebus
917 4121 1048 4169 statutum
1066 4115 1226 4185 quandoque

92 4168 230 4240 divinitus
248 4185 330 4249 fiunt,
348 4186 478 4240 miracula
496 4184 549 4238 dici
566 4185 679 4240 solent.“
