2910 4876
237 303 297 362 104

531 304 666 358 DANTIS
684 303 906 359 MONARCHIA
924 305 972 357 Ill.
992 304 1020 358 C.
1040 310 1064 357 5.

236 477 278 541 ad
300 475 480 561 Imperium.
517 476 597 542 Levi
619 476 794 558 praecessit
814 476 932 542 Judam
954 478 987 542 in
1009 475 1188 559 nativitate,
1211 482 1246 540 ut
1268 483 1359 562 patet

234 578 268 641 in
290 577 397 643 litera:
425 596 501 658 ergo
522 577 668 644 Ecclesia
694 581 860 662 praecedit
887 579 1058 664 Imperium
1094 577 1127 643 in
1155 578 1356 646 auctoritate.

321 679 363 743 Et
384 679 445 746 boc
467 699 543 746 vero
566 681 607 746 de
627 681 714 751 facili
736 682 883 749 solvitur:
912 703 986 745 nam
1009 680 1093 761 quod
1117 679 1240 764 dicunt,
1272 681 1358 762 quod

236 781 317 847 Levi
340 786 371 846 et
399 780 516 864 Judas,
545 781 604 847 filii
624 782 742 865 Jacob,
771 783 907 864 figurant
935 783 998 847 ista
1025 781 1196 865 regimina,
1229 801 1358 864 possem

190 900 219 954 10
238 882 383 948 similiter
410 882 471 948 hoc
503 883 713 951 interimendo
744 885 935 967 dissolverc3
971 882 1028 949 sed
1062 882 1263 949 concedatur.
1316 884 1360 948 Et

239 1005 334 1066 quum
356 984 519 1065 arguendo
542 985 693 1051 inferunt:
723 985 812 1052 Sicut
833 985 912 1051 Levi
934 983 1098 1068 praecedit
1122 984 1155 1048 in
1178 985 1357 1062 nativitate,

237 1083 284 1151 sic
313 1084 459 1151 Ecclesia
486 1086 519 1151 in
547 1088 750 1172 auctoritate,
783 1088 855 1154 dico
884 1086 1044 1168 similiter,
1076 1085 1161 1168 quod
1190 1086 1280 1151 aliud
1309 1091 1360 1152 est

237 1187 456 1273 praedicatum
487 1189 712 1273 conclusionis,
748 1195 781 1255 et
812 1189 900 1255 aliud
923 1188 1026 1272 major
1055 1188 1254 1253 extremitas:
1285 1208 1359 1252 nam

238 1290 327 1355 aliud
349 1295 398 1357 est
420 1291 606 1374 auctoritas,
639 1297 670 1357 ct
692 1291 781 1356 aliud
802 1290 968 1373 nativitas,
995 1289 1139 1374 subjecto
1164 1295 1195 1355 et
1217 1288 1356 1374 ratione,

190 1409 218 1461 15
237 1397 369 1477 propter
397 1391 482 1473 quod
509 1398 659 1477 peccatur
685 1393 719 1457 in
745 1394 855 1460 forma.
905 1392 947 1456 Et
976 1398 1024 1458 est
1052 1391 1165 1456 similis
1190 1411 1361 1476 processus

237 1495 326 1559 huic:
353 1493 569 1578 Apraeccdit
597 1494 679 1558 Bin
702 1494 740 1579 03
771 1494 908 1560 DetE
937 1514 972 1560 se
1000 1493 1120 1558 habent
1149 1493 1233 1558 utA
1264 1500 1296 1560 et
1319 1493 1361 1560 B:

239 1615 314 1677 crgo
337 1595 367 1658 D
389 1595 554 1677 praecedit
576 1596 603 1659 E
625 1596 659 1659 in
680 1597 721 1680 F,
745 1597 772 1660 F
794 1617 869 1662 vero
893 1600 925 1662 et
948 1595 972 1660 C
995 1595 1123 1659 diversa
1148 1600 1228 1659 sunt.

323 1696 365 1760 Et
386 1695 414 1761 si
435 1695 575 1763 facerent
590 1697 773 1762 instantiam
790 1697 941 1780 dicentes,
966 1696 1092 1778 quodF
1108 1696 1251 1777 sequitur
1266 1697 1309 1762 ad
1325 1698 1360 1781 C,

239 1800 300 1865 hoc
323 1804 372 1865 est
393 1798 623 1864 auctoritas
645 1798 688 1863 ad
709 1799 987 1882 nativitatem,
1017 1804 1049 1863 ct
1069 1818 1126 1881 pro
1149 1799 1360 1867 antecedente

188 1915 221 1967 ao
239 1901 321 1967 bene
343 1900 475 1965 infertur
498 1921 710 1984 consequens,
733 1907 768 1966 ut
791 1901 908 1965 animal
931 1922 989 1985 pro
1011 1899 1154 1974 homine;
1178 1898 1250 1967 dico
1274 1899 1360 1982 quod

238 2002 355 2068 falsum
378 2009 440 2068 est:
470 2003 561 2069 multi
592 2002 676 2068 enim
705 2008 777 2066 sunt
799 2001 938 2087 majores
958 2005 1050 2082 natu,
1080 2001 1134 2082 qui
1162 2023 1227 2067 non
1257 2003 1360 2069 solum

237 2104 271 2169 in
300 2105 487 2170 auctoritate
515 2126 578 2170 non
606 2102 816 2189 praecedunt,
852 2101 910 2169 sed
945 2103 1041 2168 ctiam
1074 2103 1309 2187 praeceduntur
1340 2125 1362 2168 a

238 2205 426 2290 minoribuS,
466 2212 502 2270 ut
528 2210 632 2291 patet,
672 2205 728 2270 ubi
758 2204 909 2290 Episcopi
937 2209 1011 2279 sunt
1038 2210 1180 2289 tempore
1205 2205 1359 2290 juniores,

282 2358 293 2390 ⁷
309 2357 344 2410 H.
364 2356 488 2412 Ecclesia
504 2357 653 2427 praecessit

323 2445 350 2496 irs
368 2441 531 2496 auctoritaie
548 2441 626 2494 abest
643 2456 660 2494 a
677 2440 708 2493 P.

283 2527 342 2580 ⁸A.
361 2526 394 2579 V.
412 2525 461 2580 Ex
477 2525 529 2580 doc
545 2542 609 2579 vero

323 2611 361 2665 M.
372 2627 434 2664 nam
454 2611 504 2680 qui
519 2609 692 2664 dicuat—A.
703 2608 734 2660 F.
746 2612 774 2662 et

307 2695 381 2750 editt.
417 2711 481 2748 nam
516 2711 576 2750 cum
611 2694 705 2748 dicunt
740 2723 771 2733 -

306 2780 454 2835 Nobiscum
472 2779 575 2833 faciunt
592 2779 626 2833 H.
644 2778 675 2831 L.
694 2779 724 2832 P.
739 2778 771 2831 V.

306 2871 333 2920 et
349 2865 474 2919 Ficinns:
497 2863 600 2935 perche
617 2863 707 2934 quello
725 2862 774 2918 ebe

307 2951 405 3006 diseno

323 3034 354 3088 F.
373 3035 406 3087 H.
425 3034 455 3087 P.
480 3050 539 3088 cum
557 3033 624 3095 Levi
639 3038 666 3087 et
682 3032 774 3086 Judas

282 3117 378 3172 ¹Edd.
402 3117 473 3172 inter
496 3120 548 3173 istc
582 3125 609 3172 et
638 3119 773 3189 repimr‘rrc

305 3201 482 3271 interponunt
499 3202 567 3268 diro,
590 3202 662 3271 quod
685 3217 771 3270 neque

308 3286 415 3341 codices
424 3287 533 3353 babent,
552 3303 639 3356 neque
651 3287 772 3341 Ficinns.

323 3371 355 3424 V.
371 3387 457 3442 posse
477 3371 601 3426 similiter
627 3403 660 3410 -
685 3372 718 3425 A.
737 3371 772 3427 H.

301 3463 417 3528 possent
433 3459 491 3511 sim.
508 3489 543 3496 -
559 3456 592 3512 F.
605 3459 697 3528 possit
713 3458 771 3510 sim.

305 3541 385 3594 —M.
400 3550 497 3614 posset
513 3544 573 3600 sim.
593 3541 663 3611 quod
682 3546 709 3596 ct
725 3541 771 3595 Fi-

308 3626 385 3680 cinns
403 3626 772 3682 habuissevidetur.-Edd.

306 3715 373 3766 antt.
386 3729 500 3784 possum
513 3714 570 3766 sim.
581 3744 615 3751 —
623 3711 773 3767 Nobiscum

306 3795 411 3851 faciunt
427 3797 458 3850 L.
476 3799 507 3852 P.

268 3882 288 3914 ¹¹
306 3882 339 3934 A.
358 3880 396 3935 Et
413 3883 587 3953 comprenda
606 3914 637 3922 -
656 3882 685 3935 P.
706 3881 771 3936 Cam

306 3983 365 4028 are.
385 3968 458 4020 —F.
480 3967 544 4022 Cum
563 3973 723 4038 arpumerrto
740 3996 772 4004 -

305 4025 375 4103 Edd.
406 4053 533 4107 omittunt
559 4052 596 4107 m
622 4069 704 4121 quum
737 4082 772 4089 -

305 4135 433 4189 Nostram
451 4137 591 4191 lectionem
608 4139 719 4190 tuentur
736 4135 769 4188 H.

306 4219 336 4271 L.
355 4218 393 4274 M.
411 4219 443 4276 V.
463 4227 490 4276 et
506 4222 626 4276 Ficinus.

853 2358 872 2390 ¹¹
891 2356 928 2409 Μ.
946 2355 1013 2409 Levi
1027 2357 1224 2426 praecessit-
1242 2357 1275 2409 F.
1295 2356 1363 2410 Levi

886 2440 1031 2511 praecedit
1047 2439 1149 2494 Judam

852 2525 873 2557 ¹²
889 2524 922 2577 F.
941 2524 1001 2580 dico
1018 2525 1177 2596 simpliciter

853 2610 873 2642 ¹³
890 2609 924 2661 V.
940 2611 1128 2680 praedicatum
1144 2612 1339 2666 constructionis

909 2694 933 2747 A
954 2694 985 2749 F.
1004 2695 1037 2749 Η.
1049 2696 1080 2749 L.
1094 2697 1124 2750 P.
1135 2696 1167 2749 V.
1184 2702 1212 2750 et
1223 2695 1283 2750 edd.
1294 2701 1360 2749 antt.

893 2812 926 2819 —
953 2783 1068 2851 rrsaj0ris
1094 2782 1268 2844 extrerrritcs,
1291 2779 1361 2848 quod

894 2865 1122 2919 consentientibus
1141 2865 1200 2919 cod.
1212 2865 1251 2919 Μ.
1270 2871 1298 2919 et
1315 2865 1360 2919 Fi·

894 2950 954 3003 cino
973 2950 1036 3004 olim
1055 2950 1238 3017 conjeceram,
1257 2949 1285 3002 in
1303 2955 1360 3003 tex·

893 3037 950 3087 tum
968 3035 1071 3102 recepit
1086 3035 1188 3088 Fratic.

854 3121 875 3152 ¹¹
892 3119 923 3172 F.
940 3126 966 3173 et
981 3118 1039 3172 edd.
1049 3123 1116 3175 antt.
1126 3119 1153 3172 D
1171 3126 1196 3173 et
1208 3119 1230 3174 C
1244 3136 1273 3173 se
1283 3118 1361 3174 babet

852 3207 872 3237 ¹⁷
889 3204 922 3259 F.
931 3210 957 3258 et
966 3203 1023 3258 edd.
1036 3207 1102 3257 antt.
1112 3203 1256 3274 praecedit
1270 3203 1292 3259 C
1299 3203 1364 3258 irrF

853 3291 874 3322 11
891 3289 924 3342 A.
942 3290 973 3342 L.
991 3289 1030 3342 Μ.
1049 3289 1079 3342 Ρ.
1098 3288 1131 3342 V.
1156 3287 1194 3341 Et
1211 3290 1238 3342 si
1252 3289 1361 3358 ferrent

890 3403 925 3412 -
942 3374 973 3426 F.
993 3372 1029 3427 m
1046 3375 1073 3427 si
1087 3373 1180 3442 ferent

853 3459 874 3490 11
891 3458 921 3511 P.
940 3459 977 3513 ad
996 3457 1071 3513 Cest
1089 3458 1224 3511 autoritas

823 3575 826 3583 .
849 3544 873 3577 ²³
891 3544 923 3597 L.
936 3544 973 3597 Μ.
991 3544 1021 3597 Ρ.
1035 3542 1270 3615 praecedentiae
1281 3543 1358 3612 juni-

892 3629 984 3684 oribus

908 3713 940 3766 L.
959 3713 1006 3767 abi
1019 3713 1071 3779 ipsi
1088 3711 1180 3784 Episc.
1200 3717 1264 3764 surii
1281 3743 1315 3750 -
1328 3711 1356 3764 P.

892 3797 939 3852 ubi
960 3798 1015 3868 ipsi
1036 3803 1100 3851 suat
1132 3828 1164 3836 -
1190 3795 1229 3848 Μ.
1253 3801 1284 3849 at
1307 3793 1379 3866 icst'

890 3884 980 3953 Episc.
999 3889 1113 3936 sust-
1131 3883 1162 3934 F.
1182 3881 1231 3936 abi
1247 3884 1311 3934 sunt

908 3967 947 4019 Μ.
966 3973 992 4021 et
1004 3968 1073 4021 Edd.
1092 3973 1156 4021 sunt
1174 3964 1364 4037 temporaliter·
1423 4012 1424 4015 ,

885 4051 1018 4121 juniores
1041 4085 1074 4091 —
1100 4052 1133 4106 F.
1156 4058 1220 4105 sunt
1241 4056 1360 4120 tempore

891 4152 1008 4191 minores
