2910 4876
300 336 434 390 DANTIS
453 335 672 390 MONARCHIA
689 336 737 389 III.
758 336 785 389 Ο.
807 339 845 388 tr.
866 340 927 400 (ll.)
1120 331 1179 391 125

29 559 30 563 ,
60 514 130 574 sunt
152 509 246 574 unius
268 508 409 590 generis,
433 508 624 575 reducuntur
646 507 688 572 ad
710 529 822 587 unum,
853 506 939 588 quod
961 514 1010 572 θεῖ
1032 527 1180 573 mensura

60 611 198 678 omnium
221 630 303 692 quae
326 612 384 676 sub
406 612 463 678 illo
485 630 601 695 genere
623 618 703 676 sunt.
742 608 807 676 Sed
822 630 931 675 omnes
947 610 1092 676 homines
1107 615 1180 676 sunt

58 712 150 778 unius
178 712 319 794 generis:
348 731 424 794 ergo
453 714 572 780 debent
605 710 716 778 reduci
742 711 785 776 ad
811 733 922 794 unum,
951 717 1115 793 tamquam
1138 713 1213 778 adu

58 835 238 881 mensuram
267 815 406 881 omnium
441 835 558 881 eorum.
610 816 651 880 Et
679 834 775 896 quum
808 833 948 879 summus
977 814 1119 881 Antistes
1148 821 1180 883 et

59 917 235 1001 Inperator
264 916 327 980 sint
354 917 515 1000 homines,
545 918 573 982 si
602 916 760 983 conclusio
783 915 841 980 illa
863 921 912 982 θεῖ
933 936 1025 998 vera,
1056 925 1181 1002 oportet

60 1017 146 1101 quod
167 1018 358 1083 reducantur
380 1018 422 1083 ad
444 1039 539 1084 unum
562 1018 730 1084 hominem.
758 1016 810 1080 'Et
833 1036 928 1097 quum
942 1020 1033 1104 Papa
1054 1041 1118 1086 non
1139 1022 1180 1085 sit

58 1119 259 1186 reducendus
281 1118 323 1183 ad
345 1120 451 1203 alium,
475 1120 677 1202 relinquitur,
702 1120 787 1201 quod
808 1120 998 1204 Imperator,
1023 1142 1093 1187 cum
1115 1144 1179 1188 om-

59 1222 154 1287 nibus
176 1220 259 1303 aliis,
284 1222 325 1286 sit
345 1221 543 1288 reducendus
558 1221 601 1286 ad
622 1222 736 1307 ipsum,
759 1228 921 1303 tamquam
944 1222 986 1287 ad
1000 1244 1181 1290 mensuram
1201 1230 1231 1279 10

62 1329 93 1388 et
115 1322 274 1406 regulam,
304 1329 434 1408 propter
456 1322 542 1404 quod
564 1325 707 1405 sequitur
729 1324 825 1391 etiam
847 1323 932 1390 idem
953 1325 1038 1407 quod
1060 1327 1180 1393 volunt.

146 1423 199 1490 Ad
220 1426 302 1490 hano
323 1425 478 1491 rationem
494 1424 698 1509 solvendam,
723 1425 808 1508 dico,
833 1425 919 1508 quod
940 1446 1036 1508 quum
1059 1427 1180 1494 dicunt:

58 1526 116 1609 Ea,
141 1546 223 1607 quae
246 1533 317 1592 sunt
339 1526 431 1592 unius
446 1527 581 1609 generis,
605 1532 729 1611 oportet
750 1527 860 1594 reduci
875 1528 918 1593 ad
932 1528 1064 1610 aliquod
1084 1551 1181 1598 unum

59 1628 99 1693 de
122 1628 179 1694 illo
202 1648 327 1711 genere,
351 1626 437 1710 quod
460 1632 508 1693 θεῖ
530 1633 665 1694 metrum
687 1629 720 1693 in
742 1630 823 1714 ipso,
848 1651 957 1696 verum
980 1630 1096 1698 dicunt.
1140 1633 1181 1696 Et

59 1729 207 1795 similiter
229 1750 339 1796 verum
369 1730 493 1813 dicunt,
518 1730 674 1814 dicentes,
699 1732 784 1812 quod
807 1753 916 1799 omnes
939 1733 1084 1800 homines
1110 1740 1182 1800 sunt
1201 1740 1230 1790 15

57 1831 152 1896 nnius
174 1832 307 1913 generis.
345 1832 386 1896 Εῖ
408 1832 554 1899 similiter
572 1853 681 1900 verum
705 1822 903 1917 concludunt,
928 1855 1023 1916 quum
1045 1838 1182 1904 inferunt

58 1955 100 2000 ex
121 1933 181 2016 his,
206 1953 315 1999 omnes
337 1934 480 1999 homines
502 1954 573 2000 esse
594 1935 792 2001 reducendos
807 1935 849 2000 ad
872 1957 968 2001 unum
991 1945 1126 2005 metrum
1148 1941 1182 2005 in

57 2055 117 2102 suo
140 2053 265 2116 genere.
311 2033 377 2100 Sed
406 2055 501 2116 quum
530 2057 572 2103 ex
601 2036 661 2102 hac
690 2038 891 2104 conclusione
920 2040 1117 2107 subinferunt
1141 2042 1182 2110 de

58 2138 152 2221 Papa
174 2142 206 2202 et
227 2138 436 2222 Imperatore,
459 2137 610 2202 falluntur
633 2138 805 2204 secundum
829 2139 984 2207 accidens.

74 2251 75 2254 ’
145 2238 197 2303 Ad
219 2239 309 2322 cujus
332 2237 524 2305 evidentiam
548 2239 727 2322 sciendum,
751 2241 837 2323 quod
851 2241 939 2306 aliud
962 2248 1011 2308 est
1033 2263 1103 2312 esse
1125 2245 1180 2311 ho·
1199 2250 1231 2301 20

57 2341 187 2424 minem,
209 2346 242 2408 et
263 2339 352 2405 aliud
367 2346 423 2407 est
446 2360 516 2407 esse
531 2343 661 2425 Papam.
699 2343 741 2407 Et
763 2342 876 2409 eodem
892 2342 997 2426 modo,
1020 2345 1109 2411 aliud
1132 2351 1180 2413 est

56 2464 131 2510 esse
154 2443 329 2526 hominem,
352 2441 441 2507 aliud
465 2462 536 2509 esse
557 2443 801 2528 Imperatorem
825 2443 905 2509 sicut
926 2444 1016 2510 aliud
1038 2452 1086 2513 est
1108 2467 1179 2514 θεεθ

56 2545 230 2629 hominem,
254 2542 342 2609 aliud
365 2563 436 2610 esse
451 2549 574 2628 patrem
596 2550 628 2612 et
642 2545 818 2611 dominum:
841 2545 935 2611 homo
959 2547 1042 2612 enim
1066 2554 1114 2614 θεῖ
1135 2548 1178 2633 id,

57 2648 148 2731 quod
177 2652 225 2715 est
253 2666 312 2732 per
333 2646 466 2711 sormam
495 2647 826 2739 substantialem,
856 2669 912 2732 per
935 2668 1030 2729 quam
1053 2651 1180 2717 sortitur

101 2902 112 2933 ¹
130 2899 162 2952 F.
181 2900 207 2952 si
222 2915 288 2968 erpo
305 2897 354 2952 illu
371 2905 411 2953 θεῖ
428 2915 493 2953 uero

103 2985 114 3017 ¹
132 2984 164 3036 A.
184 2984 318 3054 reliquum
337 2983 413 3053 qumi
428 2981 499 3055 Imp.
513 3014 547 3023 -
562 2984 592 3036 P.

126 3068 234 3138 reliquo
252 3067 326 3138 quod
335 3067 405 3140 [περ.
418 3099 449 3108 -
459 3069 497 3122 M.
506 3069 595 3138 refert

128 3153 203 3224 quod
219 3151 289 3224 Imp.

88 3240 110 3271 ¹¹
128 3237 165 3290 M.
184 3238 309 3307 sequitur
326 3239 406 3291 etium
424 3237 454 3291 id
470 3237 546 3307 quod
560 3267 594 3276 —

128 3322 158 3374 P.
176 3323 299 3392 sequeitur
324 3324 405 3375 etiem
432 3321 502 3375 illud
522 3321 596 3392 quod

128 3437 162 3446 -
183 3406 216 3459 L.
229 3412 310 3476 sequ.
329 3408 410 3462 etiem
428 3406 503 3461 illum
520 3406 596 3477 quod

127 3521 161 3532 -
179 3493 212 3544 A.
230 3506 305 3560 sequ.
324 3482 404 3545 etiem
423 3490 498 3562 quod
513 3521 547 3531 -
560 3491 592 3544 F.

127 3593 201 3647 sequ.
228 3577 309 3630 etiem
342 3575 438 3630 ididem
472 3580 596 3646 sequitur

128 3660 203 3731 quod

88 3747 111 3779 ¹³
128 3752 236 3817 oportet
252 3745 359 3811 reduci,
384 3744 455 3813 quod
472 3744 593 3814 reposui·

127 3845 202 3894 mus,
238 3830 344 3884 codices
376 3844 469 3884 omnes
492 3831 594 3884 hebent

128 3919 155 3969 ct
181 3915 306 3984 princeps
335 3914 453 3983 Oporini.
499 3915 593 3969 Poste·

128 4000 213 4054 riores
232 4000 306 4054 editt.
323 4016 411 4057 errore
429 4000 593 4071 typothetae,

128 4085 170 4139 uti
186 4084 298 4150 videtur,
317 4093 454 4156 oporteret
472 4085 536 4140 duci

89 4171 110 4203 ¹⁴
127 4169 158 4224 P.
177 4169 252 4240 quod
268 4178 307 4223 est
325 4178 437 4224 metrum
455 4169 488 4223 de
506 4171 564 4241 ipso

88 4256 110 4288 ¹¹
127 4254 159 4308 F.
179 4254 215 4308 Et
231 4256 290 4308 situ
308 4257 388 4310 etiem
407 4271 498 4308 verum

674 2900 694 2931 ¹⁷
712 2898 742 2952 P.
762 2901 883 2962 inserunt
900 2901 979 2953 etium
998 2902 1026 2953 iu
1044 2899 1086 2954 dis

731 2984 765 3037 ll.
777 3000 868 3038 ourrtes
881 2983 1002 3038 ltomiues
1012 2984 1181 3039 reducendos

674 3071 696 3103 ¹⁸
713 3069 744 3123 F.
762 3069 799 3122 M.
818 3070 989 3140 subinfertur
1007 3069 1040 3124 de
1057 3069 1138 3141 Papa

673 3156 694 3188 ²¹
714 3154 748 3208 A.
764 3154 794 3208 P.
813 3170 870 3209 esse
887 3153 1028 3220 doctricem,
1047 3154 1125 3208 uliud
1141 3160 1181 3209 θεῖ

673 3241 697 3273 ²2
714 3240 748 3294 H.
769 3241 798 3294 P.
817 3238 849 3292 V.
878 3240 956 3295 eliud
978 3249 1018 3293 est
1041 3257 1099 3294 θεεθ
1125 3241 1179 3295 Iru-

709 3332 867 3396 percuterem

731 3409 809 3464 oiiud
825 3417 865 3463 est
882 3408 1091 3470 eseedomiuem,
1110 3409 1180 3477 quod

682 3552 683 3561 χ
713 3493 862 3548 intextum
880 3493 1062 3556 restituimus,
1080 3494 1181 3547 habent

702 3578 747 3636 ,Η.
758 3579 796 3632 M.
813 3579 844 3631 P.
854 3577 887 3629 V.
906 3583 933 3630 θῖ
950 3577 1025 3631 editt.
1043 3577 1179 3646 antiquae.

712 3694 745 3702 —
779 3669 818 3717 θεῖ
844 3661 1012 3716 desideratur
1039 3661 1066 3715 in
1094 3663 1126 3715 L.
1153 3666 1181 3716 et

713 3749 785 3818 apud
803 3746 966 3800 recentiores

671 3833 694 3867 2³
711 3834 744 3886 L.
755 3834 785 3886 P.
804 3840 830 3884 et
847 3831 925 3885 eliud
941 3840 980 3885 θεῖ
998 3848 1057 3886 θεεθ
1068 3838 1178 3904 petrem

712 3945 745 3954 ·-
772 3914 803 3967 F.
830 3914 863 3967 H.
891 3915 923 3968 V.
954 3916 1031 3972 eliud
1056 3923 1096 3970 θεῖ
1122 3933 1180 3971 θεεθ

707 4008 818 4070 petrem.

729 4084 768 4138 M.
783 4090 892 4156 petrem
909 4085 953 4140 uel
969 4085 1104 4140 domiuum

672 4169 694 4201 ²⁴
713 4168 744 4221 V.
759 4187 814 4240 per·
830 4170 949 4239 formem
967 4169 1180 4226 substantialiter
