2910 4876
220 342 280 405 116
514 346 649 400 DANTIS
667 344 885 400 MONARCHIA
901 344 948 397 ΙΙΙ.
968 343 996 397 G.
1015 349 1037 395 9.

166 539 198 589 45
217 525 249 585 et
272 519 461 604 simplicitas
482 520 644 584 naturalis.
683 518 774 583 Hanc
796 537 886 582 suam
900 517 1192 602 praesumptionem
1215 517 1337 582 scribae

218 620 336 685 Christi
357 624 512 685 testantur
533 640 651 687 omnes.

304 722 421 788 Scribit
448 727 556 788 autem
583 723 829 802 Matthaeus,
863 739 959 802 quum
987 721 1082 786 Jesus
1111 721 1338 803 interrogasset

218 823 406 905 discipulos:
440 825 561 906 „Quem
590 844 641 888 me
668 843 738 889 esse
766 821 916 887 dicitis?“
968 823 1098 887 Petrum
1126 829 1200 887 ante
1230 844 1338 891 omnes

217 924 434 1009 respondisse:
457 927 527 1009 „Tu
551 945 585 991 es
601 924 754 1007 Christus,
776 923 861 988 filius
877 924 939 990 Dei
956 923 1054 988 vivi.“
1092 924 1210 990 Scribit
1232 927 1344 1016 etiam,

167 1025 317 1108 eoquod,
341 1046 438 1108 quum
461 1027 604 1092 Christus
628 1025 748 1092 diceret
769 1024 950 1109 discipulis,
980 1026 1054 1107 quia
1077 1026 1245 1111 oportebat
1268 1048 1338 1093 eum

217 1127 263 1194 ire
285 1127 318 1191 in
341 1128 559 1212 Hierusalem,
583 1135 615 1195 et
637 1129 737 1193 multa
759 1127 841 1210 pati;
865 1128 978 1192 Petrus
995 1125 1174 1212 adsumpsit
1196 1149 1284 1211 eum,
1308 1136 1339 1197 et

218 1229 324 1312 coepit
352 1230 516 1313 increpare
545 1231 650 1311 illum,
680 1229 801 1296 dicens:
831 1229 945 1311 „Absit
974 1249 994 1293 a
1021 1233 1069 1311 te,
1101 1230 1252 1314 Domine3
1276 1253 1340 1298 non

218 1331 278 1397 erit
306 1331 365 1396 tihi
394 1330 484 1398 hoc.“
534 1330 586 1397 Ad
615 1351 709 1412 quem
738 1329 896 1414 Christus,
929 1330 1138 1413 redarguens,
1169 1352 1340 1399 conversus

219 1431 316 1498 dixit:
339 1432 450 1517 „Vade
472 1438 546 1517 post
567 1454 632 1516 me,
656 1431 807 1498 Satana.“

166 1558 198 1607 55
302 1534 384 1600 Item
399 1535 517 1618 scribit,
538 1534 625 1615 quod
638 1535 672 1599 in
687 1539 793 1601 monte
808 1532 1103 1616 transfigurationis,
1119 1534 1151 1598 in
1169 1542 1339 1620 conspectu

218 1636 345 1720 Christi,
367 1636 481 1720 Moysi,
506 1642 537 1702 et
552 1635 675 1718 Heliae,
699 1643 730 1701 et
747 1635 879 1702 duorum
897 1634 1033 1699 filiorum
1048 1625 1218 1719 Zebedaei,
1243 1637 1339 1704 dixit:

216 1739 374 1821 „Domine
381 1788 389 1821 ,
413 1740 529 1804 bonum
552 1748 600 1803 est
621 1757 679 1804 nos
701 1738 753 1803 hic
776 1757 860 1802 esse:
890 1736 918 1800 si
939 1736 1004 1817 vis,
1026 1736 1180 1802 iaciamus
1202 1738 1256 1804 hie
1277 1740 1339 1806 tria

217 1840 438 1921 tabernacula,
462 1839 521 1904 tihi
543 1859 654 1921 unum,
677 1839 782 1923 Moysi
803 1859 914 1920 unum,
939 1842 971 1902 et
992 1838 1107 1903 Heliae
1129 1839 1257 1905 unum.“

302 1941 382 2006 Item
410 1940 534 2023 scribit,
569 1939 655 2022 quod
684 1961 779 2022 quum
808 1939 957 2024 discipuli
991 1945 1097 2005 essent
1129 1940 1162 2004 ln
1189 1943 1338 2008 navicula

166 2052 199 2102 60
216 2048 358 2125 tempore
381 2041 499 2124 noctis,
530 2047 563 2107 et
585 2041 729 2109 Christus
751 2041 930 2106 ambularet
953 2060 1202 2126 superaquam,
1226 2046 1338 2110 Petrus

218 2143 300 2209 dixit
322 2143 490 2227 „D0mine,
514 2142 541 2208 si
563 2147 597 2207 tu
612 2162 655 2225 es,
675 2143 755 2227 jube
777 2161 828 2207 me
846 2140 889 2205 ad
911 2147 943 2209 te
959 2144 1067 2210 venire
1089 2164 1185 2230 super
1207 2146 1338 2228 aquas.“

302 2245 381 2310 Item
404 2245 529 2328 scribit,
554 2243 640 2326 quod
663 2265 758 2326 quum
774 2242 918 2309 Christus
941 2246 1183 2328 praenunciarct
1205 2247 1337 2312 scanda-

215 2347 281 2411 lum
304 2345 469 2430 discipulis
492 2347 573 2430 suis,
596 2348 710 2412 Petrus
732 2345 910 2429 respondit:
943 2347 1032 2430 „Etsi
1048 2368 1157 2414 omnes
1181 2349 1336 2414 scandali-

215 2447 278 2512 zati
305 2448 422 2515 fuerint
451 2448 483 2513 in
512 2454 558 2531 te,
588 2466 648 2530 ego
677 2468 840 2530 nunquam
861 2448 1134 2515 scandalizabor.“
1177 2451 1219 2514 nt
1241 2451 1336 2517 inira:

242 2698 266 2731 ⁴⁶
283 2698 313 2752 F.
333 2706 360 2753 et
378 2701 407 2754 Ρ.
427 2701 554 2755 omIttunt
569 2700 676 2754 scribac

241 2784 264 2816 ⁴⁷
282 2783 365 2839 Edit.
383 2784 547 2850 Matthaeus,
567 2783 644 2855 quad
660 2799 720 2836 cum

242 2868 265 2900 55
283 2869 316 2922 H.
351 2869 501 2942 discipulos
530 2885 607 2933 suas,
643 2868 749 2923 diceus:

205 3024 207 3027 ι
284 2951 366 3018 Quem

300 3041 333 3091 A.
357 3039 387 3092 P.
412 3038 495 3104 Quem
521 3055 579 3093 esse
599 3037 688 3093 dicitis
717 3070 751 3078 —

283 3121 369 3176 Editt.
380 3124 448 3177 male
466 3121 548 3188 Quem
566 3139 623 3177 esse
641 3140 682 3176 rae
699 3123 750 3178 dic.

300 3205 332 3260 F.
352 3205 463 3260 Petrum
481 3214 543 3260 aute
561 3209 651 3261 omitia

242 3291 265 3323 55
287 3291 320 3343 Α.
339 3291 372 3345 F.
393 3291 424 3344 L.
441 3319 474 3331 —
494 3291 529 3345 H.
548 3291 582 3344 M.
600 3291 632 3344 V.
651 3290 752 3347 Scribit

283 3376 376 3445 etiarn,
410 3393 470 3431 curu
498 3375 619 3431 Christus
650 3375 751 3431 diceret

282 3460 451 3515 —Ficiuus:
472 3460 678 3516 Scriaeaucara
693 3461 749 3528 cbe,

284 3545 394 3615 quaudo
406 3545 493 3601 Crista
511 3547 583 3602 disse
592 3578 626 3586 -
635 3545 665 3600 P.
676 3546 751 3616 quad

283 3631 426 3701 oportebat

299 3714 331 3768 F.
355 3720 382 3770 et
400 3716 430 3769 P.
450 3722 537 3788 oport.
555 3716 595 3771 ire

243 3800 265 3831 ⁵¹
282 3799 316 3854 V.
335 3801 376 3854 ire
393 3799 565 3855 Hierusalem

299 3883 383 3938 Editt.
402 3888 548 3957 assumpsit
570 3903 630 3940 eum
650 3885 749 3940 Petrus

829 2701 852 2734 ⁶²
868 2699 954 2754 Editt.
968 2702 1056 2773 caepit
1074 2702 1217 2774 increpare
1235 2720 1294 2757 euru
1305 2734 1336 2743 -

869 2785 899 2839 P.
918 2787 1019 2856 incepit
1035 2786 1137 2856 iucrep.
1159 2787 1235 2841 iilum

886 2869 969 2923 Editt.
988 2870 1057 2923 male
1075 2871 1152 2926 Absit
1169 2869 1221 2927 trac
1238 2891 1256 2926 u
1280 2880 1304 2926 te

830 2955 852 2988 ⁶³
869 2954 899 3008 P.
918 2954 962 3008 Act
979 2971 1031 3024 que
1050 2953 1172 3010 Christus

887 3039 920 3092 H.
939 3046 966 3094 et
984 3039 1058 3095 editt.
1071 3038 1200 3108 Christus,
1219 3058 1280 3096 eum
1297 3057 1336 3094 re-

871 3123 1009 3194 torpueris

888 3207 917 3260 P.
938 3207 1067 3262 aduersus
1084 3208 1157 3265 dixit

830 3293 852 3325 55
870 3292 994 3358 Domine,
1013 3293 1154 3362 quodcum
1173 3310 1251 3350 sacro
1261 3299 1335 3350 textu

869 3377 971 3431 habent
989 3393 1092 3445 omnes,
1119 3380 1335 3448 praetermittunt

868 3463 945 3517 editt.

828 3548 851 3581 ⁶²
866 3547 897 3600 F.
916 3546 946 3599 P.
965 3547 1066 3613 scribit,
1084 3563 1145 3602 cum
1166 3548 1289 3604 Christus

827 3633 858 3699 ⁰²,
870 3633 893 3665 55
909 3631 941 3685 F.
950 3648 1103 3702 prceuuuc.
1118 3631 1263 3705 discipulis
1279 3635 1337 3688 suis

830 3755 833 3763 »
868 3715 1027 3771 scandulum

828 3801 850 3835 55
868 3802 900 3854 Α.
911 3801 982 3854 F.L.
996 3817 1110 3873 aporiari
1126 3803 1335 3860 sacredolizcbar

284 4120 307 4152 ⁴⁸
324 4120 431 4174 Eunus.
453 4121 605 4175 Mirantur
624 4137 654 4177 ca
676 4164 681 4176 .
700 4123 773 4176 XVI.
791 4139 814 4176 v.
836 4128 874 4187 15,
896 4126 934 4175 16.
1005 4123 1029 4154 55
1045 4121 1112 4175 Ibid.
1129 4138 1198 4177 vers.
1218 4130 1258 4178 21.

216 4189 237 4221 55
255 4187 322 4240 Ibid.
341 4203 408 4242 vers.
428 4192 469 4252 22,
488 4193 529 4242 23.
600 4191 622 4222 55
639 4139 707 4243 idid.
728 4207 786 4259 cap.
807 4190 892 4244 XVII.
913 4207 937 4243 v.
956 4194 979 4242 t.
1055 4191 1078 4223 55
1096 4189 1163 4244 lbid.
1183 4207 1241 4261 cap.
1260 4193 1333 4247 XIV.

213 4271 239 4310 v.
257 4258 297 4308 28.
372 4257 394 4288 55
412 4255 480 4310 Ibid.
500 4272 558 4324 cap.
577 4256 661 4311 XXII.
680 4274 704 4311 v.
724 4263 765 4324 33,
784 4263 834 4329 35.
