2910 4876
185 114 226 177 92
476 117 616 173 DANTIS
634 117 853 173 MONARUHIA
870 120 918 176 111.
938 120 966 175 C.
986 124 1009 174 3.

82 326 85 332 -
184 291 286 357 lorum
309 291 448 374 ignorat,
476 310 541 357 non
567 294 673 358 tamen
702 289 742 355 de
762 290 820 357 illo
849 291 986 374 litigium
1008 292 1099 376 sacit3
1126 291 1306 380 Aegyptius

185 412 261 458 vero
292 390 481 477 Scytharum
509 390 711 475 civilitatem,
745 413 809 459 non
839 397 970 478 propter
999 394 1060 460 hoc
1094 392 1135 461 de
1165 395 1308 480 ipsorum

53 500 54 503 ’
136 493 340 561 incivilitate
362 491 533 560 contendit.

269 596 374 681 Hujus
397 593 525 676 quidem
547 594 701 661 tertiae
724 595 918 676 quaestionis
933 597 1051 662 veritas
1069 601 1193 663 tantum
1209 598 1307 666 habet

184 698 336 782 litigium,
377 701 411 761 ut
446 696 712 778 quemadmodum
747 696 780 761 in
808 697 881 762 aliis
900 698 1090 781 ignorantia
1123 700 1207 766 solet
1236 720 1306 768 esse

184 820 281 866 causa
309 798 418 882 litigii,
449 798 495 865 sic
523 799 575 864 hic
602 798 740 879 litigium
768 810 864 865 causa
892 799 1090 882 ignorantiae
1119 801 1161 865 sit
1193 803 1306 884 magis.

183 901 373 969 Hominibus
401 921 554 984 namque,
589 900 721 966 rationis
748 901 896 967 intuitum
924 902 1088 969 voluntate
1116 905 1306 989 praevolan-

136 1022 166 1072 15
184 1003 284 1087 tibus,
308 1003 369 1069 hoc
391 1022 517 1088 semper
539 1002 707 1084 contingit:
730 1008 765 1068 ut
785 1005 870 1071 male
892 1004 1008 1088 affecti,
1031 1004 1151 1070 lumine
1173 1006 1306 1073 rationis

182 1105 376 1190 postposito,
399 1104 516 1171 affectu
531 1105 622 1186 quasi
638 1104 725 1186 caeci
746 1094 925 1189 tradantur,
949 1113 981 1173 et
996 1106 1202 1191 pertinaciter
1216 1127 1305 1174 suam

183 1207 342 1289 denegent
375 1206 569 1273 caecitatem.
620 1205 714 1274 Unde
744 1206 779 1271 fit
806 1227 976 1293 persaepe,
1007 1207 1093 1290 quod
1113 1228 1179 1275 non
1201 1210 1303 1276 solum
1408 1271 1425 1281 .

181 1310 306 1376 falsitas
333 1308 558 1393 patrimonium
586 1309 721 1393 habeat,
750 1308 810 1376 sed
836 1316 871 1375 ut
892 1310 1051 1393 plerique,
1081 1308 1121 1376 de
1154 1309 1223 1376 suis
1244 1317 1302 1377 ter-
1407 1355 1420 1366 -

181 1411 275 1478 minis
305 1408 523 1492 egredientes,
556 1431 614 1493 per
642 1410 748 1476 aliena
776 1418 881 1476 castra
909 1411 1100 1494 discurrant,
1135 1412 1192 1477 ubi
1223 1412 1301 1479 nihil
1402 1475 1415 1482 -

131 1531 164 1581 to
182 1513 397 1595 intelligentes
418 1512 496 1596 ipsi,
519 1512 598 1577 nihil
620 1512 855 1596 intelliguntur;
885 1519 916 1580 et
944 1513 989 1578 sic
1009 1518 1187 1596 provocant
1210 1533 1300 1596 quos·
1407 1558 1411 1564 -

183 1614 257 1679 dam
272 1613 315 1679 ad
329 1614 419 1697 iram,
443 1613 599 1695 quosdam
615 1613 658 1677 ad
673 1612 940 1698 dedignationem,
955 1604 1124 1680 nonnullos
1139 1613 1184 1678 ad
1194 1615 1300 1683 risum.
1399 1670 1407 1681 .

265 1718 365 1799 Igitur
397 1720 506 1781 contra
534 1715 715 1798 veritatem,
750 1735 833 1798 quae
856 1715 1031 1799 quaeritur,
1067 1715 1146 1780 tria
1176 1716 1300 1783 homi·
1386 1757 1406 1766 -

180 1840 268 1885 num
290 1837 438 1901 genera
459 1817 597 1884 maxime
620 1817 838 1884 colluctantur.
1071 1825 1074 1829 ’

223 2005 282 2057 ⁸F.
301 2003 335 2058 ele
352 2019 383 2057 eo
402 2002 469 2073 litip.

222 2091 327 2156 ⁹scra,
369 2086 441 2156 quod
481 2087 582 2140 habent
623 2102 715 2142 omnes

246 2182 353 2244 praeter
369 2173 412 2240 V,
431 2172 558 2226 omittunt
574 2170 644 2225 Edd.

264 2260 303 2313 M.
321 2259 483 2314 celeritatem
501 2255 593 2328 Scylla.

263 2346 382 2415 iprorat,
400 2342 471 2411 quod
479 2347 541 2410 post
558 2341 712 2396 civilitatem

248 2446 309 2484 cum
332 2430 365 2483 V.
388 2428 514 2482 inserunt
540 2426 631 2492 editt,
658 2443 712 2481 non

245 2515 347 2569 habent
363 2511 466 2582 reliqui.
502 2512 555 2566 Pro
574 2528 629 2566 aaa
641 2529 711 2583 pra·

241 2606 307 2672 pter
324 2597 375 2653 lae
392 2597 430 2653 M.
447 2613 502 2651 aare
521 2603 610 2650 tamea

278 2683 348 2738 Edd.
364 2683 480 2754 titipiam
496 2681 711 2752 facitdeeoram

245 2769 381 2824 civilitate.
428 2767 501 2835 erae
525 2765 660 2833 dedimus,
683 2767 712 2820 in

246 2853 368 2908 omnibus
391 2851 467 2907 libris
485 2867 567 2906 manu
591 2850 710 2906 exaratis

245 2938 385 3006 leguntur,
418 2940 605 3004 praeterquam
639 2935 712 3004 quod

243 3021 281 3074 M.
312 3020 392 3074 etiam
420 3020 465 3073 hio
499 3036 548 3088 pro
584 3021 712 3076 civilitate

246 3103 396 3160 substituat
413 3104 557 3159 eeleritate.
583 3156 584 3159 ,

205 3192 227 3225 ¹³
244 3192 284 3246 sic
301 3189 346 3244 Iria
365 3189 480 3260 titipiam
497 3205 546 3256 pro
566 3191 606 3244 sic
623 3195 650 3244 et
667 3188 711 3246 lic

245 3276 282 3331 tit.
301 3274 458 3343 scripsimus
477 3289 538 3328 cnm
555 3289 609 3327 uno
626 3273 664 3327 M.

205 3361 226 3395 ¹³
244 3360 418 3432 ipaoraatiae
434 3361 477 3413 sit.
505 3357 710 3430 Mapaislsomi·

242 3445 322 3500 aibas
355 3443 495 3498 ediderunt
521 3460 619 3499 omnes.
654 3445 708 3501 Pro

241 3530 354 3602 Mapais
387 3531 420 3582 A.
448 3528 478 3583 F.
505 3529 543 3582 M.
580 3530 708 3584 exhibent

242 3616 345 3685 strapis,
370 3614 467 3684 quibus
492 3614 596 3669 accedit
614 3620 707 3670 aucto·

241 3701 308 3754 ritas
317 3699 405 3754 Ficini
414 3700 473 3769 (qai
480 3702 522 3753 sia
539 3702 710 3771 mappior·

241 3790 349 3840 merite
367 3785 394 3838 la
412 3783 458 3838 lite
475 3788 589 3855 capione
607 3787 709 3857 d'ipao·

240 3885 337 3924 raaia.
380 3868 539 3940 Imperocli
564 3871 624 3942 apli
656 3887 708 3925 aa·

240 3955 324 4018 mirri).
368 3953 425 4008 Hos
453 3955 559 4023 sequuti
582 3959 707 4024 transpo-

242 4039 343 4094 suimus
357 4040 581 4107 interpunctionis
595 4040 706 4108 signum.

796 2003 816 2034 ¹⁴
834 2003 866 2054 A.
891 2002 923 2055 F.
948 2001 978 2056 P.
1006 2000 1191 2070 editionesque
1213 2001 1300 2057 Frati·
1351 2029 1402 2042 -

835 2087 904 2142 cellii
927 2086 1059 2141 secundas
1086 2102 1166 2142 curas
1190 2105 1300 2157 praece·
1346 2113 1401 2126 -

834 2171 926 2226 dentes
936 2173 1035 2226 iataita
1046 2172 1212 2228 satientatem
1219 2191 1299 2246 prae-
1338 2198 1400 2210 ⁶-

833 2257 931 2311 aolaat.
951 2287 981 2295 -
1000 2257 1038 2311 M.
1057 2257 1184 2312 intuitum
1208 2260 1299 2315 cotua-
1323 2285 1399 2296 -

832 2347 912 2395 tatem
929 2320 1108 2413 praedulcem
1135 2371 1169 2382 —
1193 2342 1298 2412 Reliqui
1311 2339 1398 2396 E

833 2427 973 2481 nobiscum
990 2426 1102 2480 faciunt.

792 2513 813 2544 ¹⁵
829 2510 899 2564 Edd.
931 2527 992 2566 cum
1016 2510 1049 2564 A.
1075 2511 1113 2564 M.
1141 2510 1194 2568 leae
1219 2524 1399 2586 caepa

831 2597 965 2668 coatiapit
980 2627 1015 2634 —
1029 2595 1181 2652 Nobiscum
1197 2595 1398 2654 faciunffit

832 2680 863 2735 F.
874 2681 907 2734 H.
917 2681 949 2734 L.
959 2680 990 2733 P.
1002 2679 1035 2735 V.
1054 2686 1081 2734 et
1099 2681 1338 2748 versioFicini:
1391 2693 1397 2739 ἱ

831 2765 918 2820 Felin.
935 2770 1026 2819 tamen
1040 2764 1115 2819 addit
1131 2766 1219 2822 alias:
1237 2784 1347 2823 coa—
1355 2777 1398 2810 .‹.-

830 2851 902 2904 uenit

791 2935 813 2968 ¹⁶
830 2935 864 2989 V.
882 2942 909 2990 et
920 2936 1091 3007 pertinacem
1109 2951 1188 2991 suam

791 3020 813 3052 ¹⁸
829 3020 861 3074 L.
879 3037 935 3075 moa
951 3019 1039 3074 solam
1055 3019 1179 3089 felicitas

847 3104 885 3158 M.
898 3103 1202 3176 patrociniamlabeat‚
1219 3109 1394 3175 quant1³1

831 3188 972 3243 lectionem
985 3189 1112 3259 princeps
1130 3189 1213 3244 etiam
1226 3190 1336 3260 Ops-r
1354 3197 1393 3227 ⁴·

828 3274 882 3328 rini
898 3273 980 3328 editio
998 3273 1078 3328 affert
1099 3274 1128 3329 in
1144 3276 1272 3345 margIne.

845 3358 915 3412 Edd.
928 3359 976 3413 sed
987 3359 1124 3431 plerique,
1141 3365 1174 3412 at
1191 3360 1225 3415 de
1240 3347 1388 3415 sup-“is

788 3443 809 3477 ¹⁹
826 3444 860 3497 V.
878 3443 912 3497 de
928 3445 985 3498 sais
1003 3446 1084 3499 terras
1100 3444 1193 3513 epred.

827 3529 860 3584 A.
879 3529 911 3582 F.
929 3534 960 3582 at
976 3527 1046 3582 aidil
1062 3527 1243 3601 intellipeates

787 3613 812 3646 ²⁰
829 3613 861 3668 F.
880 3614 910 3667 P.
923 3612 956 3666 V.
976 3615 1037 3685 ipsi,
1055 3610 1125 3667 aratz
1141 3614 1334 3686 intellipaaae
1359 3603 1371 3652 l
1449 3619 1450 3622 ’

787 3699 810 3731 ²¹
828 3699 862 3753 H.
880 3699 918 3753 ad
935 3700 1004 3753 iram
1021 3703 1047 3752 et
1065 3697 1103 3753 ad
1434 3762 1435 3765 Ἴ

846 3782 878 3837 Α.
897 3783 928 3838 F.
953 3790 979 3838 et
997 3783 1055 3839 edd.
1081 3783 1347 3856 iadipaatiaaeffl
1420 3858 1421 3861 Ἴ

845 3868 878 3921 Η.
897 3869 1042 3923 nonnullos
1065 3885 1128 3923 vero
1153 3868 1191 3925 ad
1208 3869 1336 3924 risam
1453 3876 1455 3887 '

786 3953 811 3986 ²²
828 3953 860 4008 F.
879 3956 1032 4020 veritatem,
1051 3953 1239 4024 praedicitur
