2896 4876
657 279 941 336 PROLEGOMENA.

343 458 388 526 nd
411 468 530 527 leuium
559 458 694 527 latinum
723 469 811 527 recle
839 456 1114 545 consumendum,
1142 481 1238 552 quam
1259 457 1360 551 pluri-

241 611 330 657 mum
371 594 457 655 cerie
492 585 641 654 conferre
676 594 800 679 poterat
833 583 906 654 libri
935 583 1360 675 Palatino-Vaticani,

241 716 294 809 qui
329 713 467 808 optimae
502 722 595 782 nolae
631 713 860 807 manuscriptis
896 703 1161 783 adnumerandus
1189 723 1253 800 esi,
1287 712 1361 781 dili·

240 864 321 935 gens
356 840 558 909 examinatio.
612 838 706 909 lluuc
740 839 883 909 laborem
919 840 951 908 iu
986 863 1020 909 se
1049 839 1232 933 suscepisse
1259 839 1361 908 releri

240 969 343 1038 editor
370 965 485 1059 (‚,Non
508 966 628 1037 luscini
647 967 681 1036 di
699 990 798 1060 porro
818 989 838 1034 o
859 968 1019 1061 prosilio.
1042 1021 1049 1034 .
1072 1022 1078 1034 .
1101 967 1149 1036 ‚il
1173 965 1243 1037 cod.
1269 963 1359 1034 Voli-

241 1119 333 1180 cono,
362 1094 544 1164 esorninolo
573 1094 615 1163 do
641 1118 691 1163 rne
718 1096 881 1187 stesso“)‚
912 1104 957 1183 ei,
991 1095 1017 1163 si
1045 1073 1192 1163 necurule
1220 1119 1258 1164 eo
1288 1120 1360 1190 per·

242 1223 373 1293 lunelus
400 1232 496 1311 esset,
525 1221 660 1291 mirilico
688 1221 832 1290 codicem
863 1220 954 1290 illum
983 1245 1057 1290 cum
1087 1222 1254 1316 impressis
1282 1247 1360 1293 cou-

241 1373 357 1420 sonare
383 1348 558 1418 dicendum
589 1349 687 1431 lorel;
715 1371 772 1442 per
790 1348 936 1441 integros
955 1350 1043 1418 euim
1071 1362 1135 1419 ires
1154 1348 1360 1448 lllonarclriae

240 1477 342 1548 libros
376 1499 443 1544 uon
478 1476 549 1570 plus
584 1500 680 1570 quam
710 1475 840 1568 {rigiula
867 1475 1010 1545 Vaticani
1039 1476 1159 1547 codicis
1188 1479 1289 1547 varias
1316 1479 1362 1548 le·

242 1606 365 1676 oriones
400 1603 491 1672 video
528 1613 662 1672 nolaias.
715 1601 796 1672 Rem
825 1626 899 1671 vero
928 1602 1024 1694 longe
1051 1604 1143 1674 aliter
1170 1627 1204 1673 se
1233 1604 1361 1695 habere,

241 1731 480 1802 aduolalionem
502 1739 657 1818 nostram,
685 1729 788 1799 obiter
815 1729 922 1818 eiiam,
948 1730 1159 1825 perlustrans,
1187 1731 1360 1826 intelliges.

243 1859 336 1943 Quod
356 1881 431 1926 uero
460 1857 651 1946 mirabilius,
679 1855 808 1948 {riginia
837 1856 965 1926 illarum
994 1857 1182 1949 lectionum,
1208 1859 1361 1929 aTurrio

243 1987 433 2074 relaiarum,
462 2009 526 2054 nou
556 1985 665 2054 minus
692 1994 816 2079 sepiem
844 1983 937 2055 aliler
965 2010 1061 2080 quam
1091 1987 1122 2055 in
1153 1986 1222 2081 ipso
1250 1988 1362 2057 codice

243 2115 401 2185 habentur
420 2112 573 2200 exlrileri,
592 2110 789 2182 lloelrleri
811 2111 947 2202 colione,
967 2136 1062 2206 quam
1082 2114 1361 2186 accuratissimam

243 2265 313 2311 esse
337 2238 458 2333 judico,
484 2248 624 2309 slatuere
652 2262 712 2308 uos
735 2234 872 2335 jonar)

327 2509 345 2570 ¹)
365 2505 449 2558 Lib.1
468 2521 527 2573 cop.
541 2511 567 2559 ri
581 2505 625 2559 liu.
637 2509 677 2566 82,
688 2510 720 2558 83
738 2505 773 2558 ad
793 2506 833 2558 sui
852 2511 944 2560 textus
961 2505 1058 2560 verba:
1077 2508 1119 2560 Et
1136 2524 1270 2562 rursus:
1290 2509 1363 2562 Ho-

243 2600 347 2652 mines
367 2598 586 2666 principibus
604 2599 683 2652 aliis
700 2600 981 2668 appropinquant
998 2604 1075 2654 notat
1088 2601 1167 2655 Tun.
1183 2601 1244 2666 „Sic
1256 2602 1362 2657 iuCod.

244 2692 330 2745 Vario.
342 2692 544 2747 —Homines
563 2693 640 2746 deest
657 2692 684 2745 in
703 2693 809 2760 vulg‚“;
830 2693 879 2747 sed
899 2709 953 2747 vox
971 2693 1137 2760 homines,
1156 2710 1225 2763 quae
1236 2691 1325 2764 neque
1335 2698 1364 2750 in

243 2785 540 2850 Palatino-Vaticano,
570 2801 658 2855 neque
687 2787 713 2839 in
738 2787 793 2840 uilo
820 2787 874 2840 alio
901 2803 994 2841 eorum
1022 2788 1068 2855 qui
1096 2788 1160 2842 mihi
1185 2790 1364 2844 innotuerunt

244 2878 312 2932 libro
330 2894 412 2932 manu
429 2885 540 2932 exarato
559 2879 682 2943 habetur,
701 2896 775 2934 mero
786 2879 877 2933 Turrii
896 2880 1006 2934 arbitrio
1017 2887 1132 2948 accepto
1146 2882 1364 2937 ferendumn-

244 2973 348 3026 Eodem
373 2971 429 3025 fere
448 2972 530 3026 modo
559 2973 651 3040 lapsus
670 2979 711 3026 est
730 2973 756 3026 in
775 2972 836 3027 loco
854 2973 914 3027 Lib.
933 2973 958 3026 ll
978 2989 1035 3040 capr
1058 2979 1065 3025 1
1089 2974 1133 3027 lin.
1158 2981 1202 3044 18,
1228 2991 1307 3044 quem
1335 2978 1363 3030 in

244 3071 323 3118 textu
341 3066 379 3118 ita
398 3065 477 3132 legit:
497 3071 533 3119 ut
551 3066 783 3120 adversentur
797 3065 942 3118 Domino
961 3081 1036 3129 suo,
1056 3074 1087 3121 et
1106 3069 1204 3122 unico
1223 3069 1364 3123 suoRo-

245 3175 344 3211 mano
363 3159 525 3226 Principi‚
554 3159 580 3212 in
599 3165 664 3213 uota
683 3174 748 3213 vero
767 3159 851 3213 refert
869 3160 933 3223 „Sic
951 3176 1001 3214 uos
1019 3175 1078 3213 cum
1099 3162 1128 3224 C.
1147 3163 1208 3216 Vat.
1229 3168 1256 3216 et
1278 3163 1364 3218 Ficiui

246 3252 379 3306 versione:
400 3253 476 3318 vulg.
496 3257 624 3307 uneto.“
660 3253 785 3306 Revera
808 3258 898 3306 autem
922 3258 976 3306 tam
996 3253 1156 3309 Pal-Vario.
1177 3271 1257 3324 quem
1277 3257 1363 3311 Felin.

245 3344 375 3398 exhibent
397 3351 431 3398 et
456 3353 560 3400 uncto
584 3363 645 3400 suo
663 3348 752 3400 Rom
772 3345 876 3399 Prius.
896 3378 926 3384 -
953 3346 1052 3401 Ultima
1075 3349 1171 3416 capitis
1198 3350 1313 3404 secundi
1337 3353 1364 3405 in

245 3440 341 3492 eodem
366 3439 434 3493 libro
458 3440 541 3493 uerba
566 3441 603 3493 ita
627 3440 769 3493 constituit
790 3440 915 3494 Turrius:
943 3456 1012 3493 cum
1040 3446 1071 3494 et
1098 3441 1240 3495 humana
1268 3451 1365 3499 extra

246 3539 447 3600 quaeratur,
470 3550 536 3588 uon
555 3534 659 3587 aliter
685 3549 780 3603 quam
799 3534 987 3601 persigna‚
1015 3535 1188 3600 voluntas,
1217 3538 1309 3603 quod,
1335 3546 1365 3591 ut

245 3641 338 3680 verum
365 3627 467 3686 dicam,
486 3642 568 3680 sensu
588 3632 669 3682 cerel.
706 3627 759 3681 Sed
778 3636 844 3682 nota
861 3628 895 3681 ad
914 3629 982 3682 haec
1000 3627 1084 3681 verba
1102 3629 1230 3695 apposita
1265 3631 1365 3698 triplici

245 3735 336 3774 errore
355 3720 475 3776 laborat:
499 3719 595 3773 falsum
616 3721 685 3774 euim
705 3727 762 3785 est,
782 3728 885 3776 textum
904 3721 993 3779 Turrii
1010 3736 1159 3775 consonum
1180 3738 1240 3777 esse
1258 3723 1365 3779 italicae

245 3814 373 3877 versioni,
391 3828 461 3880 quae
479 3814 517 3866 ita
535 3819 668 3881 concepta
681 3821 732 3868 est:
753 3814 970 3881 „conuossiaclri
987 3814 1073 3869 enode
1091 3815 1118 3868 lo
1137 3832 1237 3870 amana
1255 3817 1365 3872 nolonte

245 3923 299 3960 riou
318 3908 343 3960 si
359 3921 473 3961 conosce
489 3922 519 3960 ee
536 3923 590 3960 nore
605 3909 648 3976 pe'
666 3909 745 3978 sequi
761 3909 914 3969 esteriori“,
933 3908 992 3969 ubi,
1016 3908 1115 3962 utalia
1134 3914 1252 3974 taceam,
1279 3917 1365 3977 pater,

246 4016 318 4063 „aon
330 4000 356 4052 si
364 4014 478 4053 corrosor
487 4015 515 4053 se
530 4004 603 4053 non“
622 4002 787 4067 respondere
799 4001 888 4056 verbis
907 4018 970 4055 non
989 4002 1091 4056 aliter
1111 4010 1290 4066 cernatur,
1310 4021 1364 4059 nou

246 4108 312 4146 vero
330 4093 370 4158 iis,
389 4107 458 4159 quae
476 4092 557 4147 habet
574 4093 695 4158 Turrino,
714 4100 913 4163 quaeratur,
932 4111 997 4149 non
1015 4097 1128 4151 aliter.
1158 4097 1251 4165 Neque
1269 4113 1364 4152 verum

249 4190 303 4238 est:
330 4185 376 4248 „In
395 4186 531 4253 vulgatis‘
556 4186 582 4251 (i.
602 4203 624 4241 e.
642 4187 671 4240 in
691 4187 858 4242 editionibus
878 4189 991 4243 Venetis
1009 4194 1072 4253 elo.)
1093 4191 1198 4251 „minus
1216 4196 1291 4245 recte
1311 4192 1366 4260 legi
