2896 4876
284 311 401 367 XLVIII
715 308 1003 366 PROLEGOMENA.

284 487 423 559 Dantem
451 486 570 558 dixisse
597 487 780 559 arbitratur.
826 486 998 580 Ingeniosa
1026 484 1174 582 quidem;
1202 482 1258 554 sed
1286 505 1412 572 vereor,

287 639 327 685 ne
354 615 515 704 subtilius,
542 638 638 709 quarn
666 615 804 686 verius:
836 613 963 685 Eodem
992 613 1080 684 enirn
1108 612 1180 683 loco
1208 611 1413 682 adversarios

287 743 369 834 illos,
389 766 610 814 corvorum
629 742 750 837 plumis
771 753 911 838 opertos,
926 767 960 812 se
987 766 1088 812 oves
1115 738 1229 810 albas
1256 738 1289 808 in
1311 760 1413 832 grege

287 870 420 940 Domini
444 868 565 963 jactare
593 869 653 959 ait,
688 869 774 964 qnod
803 878 889 939 certe
917 869 980 940 illis
1007 866 1210 964 temporibus
1238 888 1306 935 non
1336 889 1416 936 con·

286 997 389 1087 venit,
433 997 549 1092 quibus
593 996 741 1067 universa
779 995 1046 1068 Florentinornm
1083 994 1192 1065 civitas
1229 992 1262 1062 in
1304 1003 1416 1087 partes

289 1125 507 1220 nigrorum
544 1133 576 1193 et
608 1122 801 1194 alborum
837 1135 905 1194 erat
938 1124 1049 1194 divisa..
1102 1121 1276 1216 Nunquam
1313 1122 1417 1212 enim,

286 1253 319 1323 in
348 1262 505 1348 quantum
534 1252 654 1343 sciam,
681 1252 802 1343 evenit,
838 1264 873 1323 ut
900 1252 980 1347 parti
1007 1250 1225 1345 nigrorum
1253 1247 1418 1339 addictus,

288 1404 322 1451 se
358 1380 495 1450 album
536 1378 681 1472 jactaret.
746 1378 839 1462 Quod
884 1379 983 1473 igitur
1020 1387 1133 1449 contra
1179 1399 1239 1447 nos
1280 1375 1420 1448 adduxit

286 1516 517 1602 argumentum
550 1505 807 1576 humanissimus
841 1505 1057 1597 adversarius,
1084 1505 1182 1594 illud,
1211 1502 1273 1574 nisi
1303 1505 1419 1575 omnia

288 1658 340 1705 me
367 1633 493 1723 lallunt,
519 1656 577 1727 pro
607 1631 699 1704 nobis
726 1643 836 1703 certat.

389 1758 496 1830 lllinus
523 1760 620 1830 etiam
647 1760 738 1830 alteri
765 1770 959 1854 argumento
987 1760 1132 1831 dandum
1159 1782 1230 1829 esse
1256 1756 1418 1830 dixerim:

288 1886 382 1957 verba
421 1887 533 1982 cupitis
570 1887 668 1983 primi
706 1887 739 1957 in
776 1888 858 1958 libro
900 1887 1045 1957 secundo
1080 1884 1235 1978 („gentes
1272 1885 1419 1956 lremere

289 2025 400 2086 contra
428 2013 569 2086 Romani
596 2014 707 2110 populi
735 2014 1042 2109 praeeminentiam,
1072 2012 1209 2109 populos
1236 2035 1317 2082 vana
1348 2037 1425 2084 me·

288 2143 391 2234 ditari,
408 2141 579 2239 Regesque
605 2153 637 2214 et
655 2142 821 2237 Principes
848 2141 880 2211 in
909 2165 947 2210 eo
963 2141 1038 2211 vitio
1066 2141 1275 2230 concordare,
1302 2149 1339 2211 ut
1363 2141 1425 2212 ad·

288 2281 457 2342 versentur
484 2269 626 2340 Domino
660 2292 737 2359 suo,
770 2279 802 2339 et
837 2269 932 2338 unico
967 2293 1026 2339 sno
1052 2267 1202 2338 Romano
1230 2266 1419 2362 Principi“)

289 2409 433 2494 temporo
461 2396 634 2468 Henrici
651 2396 729 2486 Vll,
755 2396 803 2466 vel
830 2395 1010 2465 accuratius
1038 2417 1142 2464 annos
1162 2393 1416 2466 1309-1311

288 2524 441 2594 indicare.
506 2524 541 2596 Si
579 2525 668 2595 enim
704 2523 779 2619 quid
815 2521 929 2612 video,
966 2522 1045 2592 baec
1078 2520 1204 2611 omnia,
1238 2531 1269 2591 et
1303 2520 1423 2617 pejora

289 2652 404 2742 etiam,
441 2653 562 2747 optime
605 2651 736 2746 quidem
777 2649 934 2720 cadebant
975 2650 1007 2719 in
1053 2659 1182 2744 tempus
1226 2672 1289 2742 quo
1329 2648 1425 2721 inter

288 2778 522 2875 Adolpbum
557 2789 589 2848 et
621 2777 839 2849 Albertum
874 2777 913 2846 de
948 2775 1088 2872 Imperio
1124 2774 1314 2865 certabatur,
1351 2802 1422 2872 quo

287 2905 456 2977 Electores
480 2904 534 2999 jus
560 2904 729 2976 auferendi
755 2905 793 2975 ab
818 2904 1016 2999 Imperatore
1039 2912 1203 2998 sceptrum
1231 2901 1294 2972 sibi
1323 2927 1426 2976 usur·

289 3034 424 3129 pabant3
450 3034 506 3104 sed
527 3033 577 3102 vix
605 3033 660 3103 ulli
688 3055 764 3102 aevo
784 3034 893 3103 minus
913 3030 1156 3120 conveniebant,
1175 3052 1271 3124 quam
1300 3031 1423 3125 primis

289 3159 351 3230 illis
389 3159 520 3230 Henrici
565 3160 677 3249 arinis,
722 3159 855 3253 quibus,
900 3169 973 3255 post
1010 3167 1153 3253 pacatam
1194 3155 1422 3250 Germaniam,

290 3285 472 3383 filiumque,
516 3287 567 3357 vix
614 3286 788 3381 puberem,
838 3286 870 3355 in
913 3285 1035 3378 regiam
1084 3283 1256 3355 bohemiae
1302 3285 1418 3356 sedem

290 3426 447 3506 evectum,
465 3424 539 3510 post
557 3413 767 3486 concordiam
789 3436 863 3483 cnm
883 3411 1031 3507 Philippo
1054 3410 1193 3482 Pulchro
1221 3411 1419 3503 restitutam,

290 3542 420 3637 auspice
440 3541 607 3612 Clemente
627 3540 663 3610 V.
690 3539 845 3611 Pontifice
865 3540 1019 3630 nranimo,
1036 3565 1053 3609 a
1072 3537 1278 3632 magnatibus
1297 3538 1417 3610 ltalicis

291 3669 465 3764 obsequio,
501 3669 527 3739 si
556 3691 622 3770 non
656 3668 804 3755 sincero,
838 3667 989 3738 simulato
1024 3660 1151 3757 tamen,
1184 3664 1416 3756 consalutatus,

290 3798 387 3895 Alpes
423 3795 677 3868 transcenderat.
738 3795 819 3865 Tam
855 3783 1007 3883 Taurini,
1042 3816 1137 3888 qrram
1173 3792 1268 3863 Astae
1305 3794 1414 3864 omnia

291 3949 484 4021 prosperum
529 3923 742 4019 expeditionis
788 3933 937 3994 eventum
984 3919 1174 4016 promittere
1212 3918 1413 3992 videbantur.

290 4050 389 4122 Primi
428 4051 591 4122 civitatum
626 4053 708 4123 altae
743 4049 849 4121 ltaliae
887 4060 1013 4138 motus,
1048 4058 1083 4118 ut
1111 4046 1282 4117 Mediolani
1319 4058 1413 4143 atque

208 4177 209 4180 ’
291 4176 489 4268 Cremonae,
516 4179 608 4250 facile
636 4178 908 4274 reprimebantur.
963 4174 1207 4264 Calamitatum,
1234 4200 1315 4270 quae
1345 4199 1414 4246 mu·
