2902 4874
205 325 224 387 6
463 323 597 379 DANTIS
614 322 834 378 MONARGHIA
850 323 872 377 1.
891 321 921 378 (l.
942 327 964 376 2.
981 328 1005 378 3.
1024 326 1068 390 (t).

154 512 186 562 30
205 508 304 580 quens
327 500 386 580 θεῖ,
408 501 443 560 ut
465 495 566 562 omnis
588 495 668 561 ratio
691 515 800 562 corum
822 514 904 576 quae
925 498 998 558 sunt
1012 493 1056 558 ad
1070 492 1174 578 finem,
1197 494 1329 580 abipso

203 598 275 682 fine,
299 602 448 664 sumatur.
493 594 577 662 Nam
599 597 664 661 alia
686 597 746 662 erit
767 596 848 662 ratio
871 593 1032 660 incidendi
1053 595 1175 678 lignum
1196 603 1329 682 propter

204 699 332 768 domum
354 698 606 794 construendam,
630 704 662 764 θῖ
683 699 750 763 alia
763 703 894 783 propter
915 696 1031 762 navim.
1069 696 1155 762 Illud
1169 697 1277 781 igitur,
1300 699 1329 763 si

206 801 284 883 quid
305 804 362 885 θεῖ,
386 800 472 882 quod
493 805 542 865 est
563 799 635 865 finis
657 800 849 866 universalis
868 797 1031 864 civilitatis
1046 798 1176 863 humani
1191 799 1328 882 generis,

205 902 264 969 erit
286 902 339 968 hic
358 902 557 988 principium,
586 921 645 986 per
667 900 753 984 quod
774 900 883 967 omnia
905 919 987 982 quae
1008 899 1138 965 inferius
1159 900 1329 983 probanda

155 1013 186 1065 3⁵
205 1008 292 1088 sunt,
316 1008 406 1071 erunt
427 1004 596 1071 manifesta
618 1002 816 1070 sufficienter.
860 1001 940 1068 Esse
962 1004 1068 1068 eutem
1089 1000 1185 1067 finem
1210 1003 1328 1069 huius

205 1106 366 1172 civilitatis
389 1111 421 1173 et
441 1105 578 1189 illius,
605 1110 637 1170 et
657 1125 721 1171 non
743 1124 814 1171 esse
835 1123 932 1167 unum
955 1102 1095 1168 omnium
1115 1102 1220 1187 finem,
1243 1105 1328 1170 arhi-

205 1207 282 1272 trari
303 1208 435 1273 stultum
457 1210 514 1272 est.

619 1439 741 1528 [CAPUT
762 1463 809 1509 111·
833 1440 919 1530 (w-t]

286 1596 380 1661 Nunc
400 1600 509 1660 autem
530 1594 704 1661 videndum
725 1601 782 1680 est,
806 1595 882 1677 quid
904 1596 945 1661 sit
972 1594 1044 1661 finis
1059 1595 1155 1662 totius
1170 1594 1330 1661 humanae

207 1697 384 1779 civilitatis,
408 1716 470 1779 quo
493 1697 578 1780 viso,
600 1699 673 1780 plus
696 1716 792 1779 quam
814 1697 979 1762 dimidium
1001 1697 1121 1763 laboris
1143 1697 1204 1762 erit
1226 1701 1327 1762 trans-

204 1804 320 1880 actum,
342 1797 432 1862 iuxta
447 1798 677 1884 Philosophum
692 1797 735 1864 ad
750 1799 989 1866 Nicomachum.
1019 1799 1061 1864 Et
1075 1798 1118 1865 ad
1133 1797 1328 1865 evidentiam

205 1900 272 1968 eius
297 1898 383 1981 quod
405 1900 579 1984 quaeritur,
602 1899 846 1986 advertendum,
874 1901 960 1984 quod
983 1900 1251 1982 quemadmodum
1280 1902 1329 1965 est

173 2001 278 2067 sfinis
299 2000 416 2083 aliquis
444 2001 487 2066 ad
509 2022 604 2084 quem
624 2007 738 2067 natura
759 2003 906 2086 producit
926 2003 1091 2088 pollicem,
1122 2007 1154 2067 et
1180 2001 1263 2066 alius
1285 2000 1327 2065 ab

205 2104 267 2170 hoe
288 2101 331 2168 ad
353 2122 447 2186 quem
469 2124 597 2168 manum
619 2110 733 2189 totam,
763 2108 795 2171 et
822 2124 929 2170 rursus
958 2104 1040 2169 alius
1065 2105 1106 2170 ab
1128 2108 1263 2185 utroque
1285 2100 1328 2166 ad

205 2224 299 2287 quem
315 2206 487 2289 brachium,
504 2207 649 2289 aliusque
663 2208 706 2273 ab
722 2206 868 2273 omnibus
879 2206 922 2271 ad
934 2224 1028 2286 quem
1039 2210 1139 2272 totum
1150 2204 1326 2288 hominem;

205 2306 251 2372 sic
274 2305 355 2372 alius
377 2311 427 2372 est
451 2307 522 2375 finis
551 2308 595 2373 ad
623 2327 718 2390 quem
745 2301 939 2391 singularem
968 2308 1144 2391 hominem,
1173 2306 1257 2372 alius
1286 2303 1328 2369 ad

206 2427 300 2490 quem
322 2407 448 2475 ordinat
471 2410 678 2476 domesticam
701 2410 966 2492 communitatem,
995 2408 1077 2473 alius
1099 2405 1143 2472 ad
1165 2425 1260 2489 quem
1282 2407 1326 2471 vi-

56 2537 59 2543 ·
157 2516 186 2566 10
205 2510 328 2595 siniam,
351 2516 385 2576 et
406 2511 489 2576 alius
504 2511 548 2576 ad
569 2531 663 2593 quem
678 2513 848 2592 civitatem,
872 2515 904 2578 et
917 2510 1001 2575 alius
1015 2509 1058 2575 ad
1074 2529 1167 2592 quem
1185 2526 1325 2593 regnum,

205 2616 237 2676 et
259 2612 396 2694 denique
424 2612 552 2678 ultimus
580 2614 624 2679 ad
653 2633 747 2696 quem
774 2613 997 2680 universaliter
1024 2630 1125 2694 genus
1155 2609 1350 2676 humanum⁴

206 2714 295 2780 Deus
317 2719 463 2781 aeternus
486 2719 553 2781 arte
576 2735 649 2799 sua,
680 2734 762 2797 quae
788 2720 902 2781 natura
930 2718 993 2799 est,
1022 2710 1148 2779 inesse
1171 2711 1326 2795 producit.

229 2915 252 2948 ³¹
269 2915 302 2968 F.
321 2914 392 2969 Nam
410 2915 467 2970 alia
485 2919 526 2968 est
542 2917 614 2970 ratio
876 2916 909 2969 H.
928 2915 1053 2971 civilitati
1068 2913 1141 2968 dum.
1157 2929 1218 2984 perr.

230 2999 254 3032 ³²
270 2999 302 3052 L.
319 2999 351 3052 P.
373 2999 588 3054 constituendam
819 3000 842 3033 ³⁴
859 3001 893 3052 A.
910 3000 945 3057 Η.
964 3001 995 3054 L.
1013 2999 1051 3053 M.
1070 2998 1103 3053 V.
1126 3029 1156 3038 -
1176 2998 1258 3052 FP.
1277 2998 1328 3053 erit

288 3083 322 3140 F.
340 3083 415 3138 Illud
430 3100 496 3155 erqo
859 3082 910 3139 hoc
920 3086 1091 3157 principium

231 3168 254 3201 ³³
271 3168 339 3223 Edd.
350 3173 461 3223 recentt.
480 3173 528 3234 est,
546 3166 665 3239 quodsit
676 3167 742 3236 fiais
816 3168 840 3201 ³⁵
856 3169 1004 3239 manufesta
1022 3169 1097 3224 deest
1114 3169 1143 3222 in
1160 3167 1193 3221 F.

289 3254 321 3305 A.
339 3253 370 3306 L.
388 3254 427 3307 M.
447 3283 477 3292 -
496 3251 528 3305 F.
549 3252 615 3319 fiais
630 3251 744 3306 altimus
817 3253 841 3286 ³⁶
858 3252 888 3305 P.
906 3255 1025 3308 omnium
1042 3270 1126 3307 unum
1141 3253 1224 3322 finem

272 3337 395 3390 utitis-
413 3336 517 3404 Pfinis
533 3336 739 3390 utiles-Tum.
792 3335 857 3406 (lap.
876 3337 925 3391 III.
945 3339 956 3371 ²
973 3338 1004 3392 F.
1022 3342 1063 3392 est
1080 3342 1249 3392 transactum

273 3419 565 3490 Freticfim’sultimus
582 3420 740 3475 Nontamen
824 3423 834 3455 ⁷
853 3421 884 3475 F.
903 3422 975 3476 alius
992 3423 1026 3478 ab
1044 3422 1167 3478 omnibus

272 3504 372 3561 infitias
396 3507 440 3561 ibo
465 3505 546 3560 etiam
567 3505 643 3559 utilis
659 3521 740 3574 posse
817 3508 838 3539 ¹¹
856 3507 889 3560 A.
901 3507 976 3561 -F.
988 3507 1021 3560 Η.
1030 3507 1063 3560 L.
1074 3506 1112 3560 Μ.
1125 3505 1156 3559 Ρ.
1167 3506 1202 3560 V.
1212 3505 1327 3574 denique

273 3589 387 3657 defendi,
417 3596 447 3644 ut
463 3589 615 3656 finnucilis
634 3589 740 3644 dicatur
859 3592 976 3663 optimus
1005 3623 1040 3632 -
1062 3589 1148 3645 Ficin.
1170 3590 1327 3659 finalmente

274 3675 320 3741 qui
337 3676 443 3743 assequi
460 3680 558 3744 potest,
577 3678 604 3728 θῖ
622 3675 668 3742 qui
676 3691 739 3744 pro·
858 3693 913 3732 uno
930 3677 1027 3732 ultimo

272 3758 332 3812 dest
357 3760 448 3828 generi
477 3759 603 3814 humano.
646 3760 739 3829 Neque
876 3763 909 3816 A.
927 3761 960 3816 F.
979 3761 1010 3814 L.
1028 3760 1157 3815 Μ.-Η.
1176 3759 1208 3816 P.
1227 3760 1326 3814 utiliter

273 3843 414 3900 defuturos
438 3860 497 3899 esse
514 3849 594 3913 puto,
617 3845 663 3912 qui
684 3846 739 3900 lec·
858 3863 919 3917 qen.
938 3845 1010 3900 ham.

157 3930 159 3934 ’
273 3928 372 3982 tionem
384 3929 442 3984 cod.
453 3927 510 3982 Fel.
529 3929 643 3984 caeteris
661 3945 739 3999 prae·

273 4011 411 4068 ferendam
428 4029 487 4068 esse
505 4012 603 4071 dicant.

274 4179 346 4250 Cup.
364 4183 423 4239 111.
459 4183 679 4238 ³Anrsnonnnns
697 4183 761 4238 Eth.
785 4184 940 4239 Nicomach.
959 4183 979 4237 Ι.
1003 4189 1027 4237 7.
1071 4184 1207 4240 Translat.
1236 4190 1322 4241 votus:

207 4248 338 4316 „Videtur
355 4251 416 4320 plus
435 4266 514 4319 quam
531 4251 667 4306 dimidium
685 4251 768 4306 totius
787 4268 846 4308 esse
863 4252 1050 4323 principium.“
