2910 4876
267 279 308 341 96
560 280 694 337 DANTIS
711 279 931 335 MONARCHIA
947 279 996 334 111.
1014 279 1042 334 C.
1063 286 1087 336 3.

219 455 358 525 assoles
379 453 565 521 traditiones
587 453 759 538 habentes,
789 455 830 520 ab
854 454 930 536 hoe,
959 457 993 518 ut
1016 451 1196 536 dioebatur,
1221 453 1391 538 gymnasio

269 554 461 624 exeludendi
483 561 563 622 sunt.
603 554 736 640 Oportet
758 556 843 623 enim
865 555 948 621 hane
970 554 1139 622 veritatem
1161 559 1326 639 venantes,
1350 576 1392 622 ex

268 657 324 741 iis,
364 678 406 724 ex
439 657 553 741 quibus
585 658 750 725 Ecclesiae
789 663 898 722 manat
936 657 1123 740 auotoritas,
1163 656 1391 740 investigando

269 757 451 843 procedere.

353 860 413 927 His
435 861 544 944 itaque
567 863 613 929 sie
634 861 788 945 exolusis,
812 859 1005 928 excludendi
1020 866 1092 927 sunt
1114 861 1205 945 alii,
1229 863 1300 946 qui,
1325 883 1391 930 oor-

220 983 252 1035 eo
270 983 382 1030 vorum
402 964 520 1047 plumis
542 963 659 1049 operti,
684 983 760 1030 oves
775 964 867 1029 albas
888 963 922 1028 in
936 981 1034 1046 grege
1048 964 1179 1031 Domini
1201 984 1237 1031 se
1255 964 1391 1048 jaetant.

270 1064 313 1129 Hi
335 1070 407 1130 sunt
428 1065 602 1150 immetatis
624 1065 696 1148 filii,
720 1064 789 1149 qui,
819 1071 854 1130 ut
874 1064 998 1148 flagitia
1019 1085 1077 1131 sua
1101 1066 1235 1148 exsequi
1256 1066 1391 1151 possint,

268 1171 404 1232 matrem
434 1168 640 1253 prostituunt,
669 1168 783 1234 fratres
811 1167 990 1254 expellunt,
1021 1172 1053 1234 et
1081 1167 1220 1249 denique
1248 1167 1392 1252 judicem

270 1269 389 1336 habere
403 1270 523 1336 nolunt.
560 1270 645 1335 Nam
667 1290 722 1335 eur
736 1269 779 1335 ad
801 1290 856 1337 eos
877 1269 958 1335 ratio
975 1274 1193 1353 quaereretur,
1217 1288 1317 1352 quum
1335 1290 1392 1336 sua

271 1370 446 1456 eupiditate
468 1372 590 1439 detenti
611 1371 767 1458 principia
788 1393 852 1438 non
873 1371 1040 1439 viderent?
1142 1408 1145 1413 -

220 1493 252 1546 85
355 1475 556 1559 Quapropter
590 1495 661 1540 oum
689 1474 767 1540 solis
787 1472 990 1541 aonoertatio
1013 1478 1127 1555 restat,
1162 1472 1232 1557 qni,
1256 1473 1391 1556 aliquali

270 1576 339 1642 nelo
368 1593 445 1657 erga
472 1581 607 1642 matrem
629 1575 806 1642 Heelesiam
834 1575 936 1658 duoti,
965 1575 1083 1660 ipsam,
1115 1593 1197 1656 quae
1220 1576 1391 1660 quaeritur,

270 1677 438 1743 veritatem
460 1667 615 1758 ignorant.
654 1677 733 1743 Cum
756 1677 870 1760 quibus
891 1678 949 1742 illa
970 1676 1150 1744 reverentia
1164 1676 1272 1759 fretus,
1298 1695 1392 1758 quam

270 1778 342 1864 pius
364 1777 448 1843 filius
470 1777 566 1847 debet
586 1779 686 1864 patri,
711 1798 806 1861 quam
828 1779 900 1865 pius
921 1777 1006 1844 filius
1027 1777 1136 1861 matri,
1158 1776 1232 1860 pius
1253 1777 1289 1842 in
1304 1777 1390 1844 chri-

272 1884 370 1963 stum,
398 1880 471 1966 pius
491 1881 525 1944 in
546 1880 740 1964 Eeolesiam,
769 1881 841 1966 pius
863 1880 896 1944 in
918 1882 1099 1963 Pastorem,
1130 1879 1203 1963 pius
1226 1878 1259 1943 in
1283 1899 1390 1946 omnes

221 2002 253 2055 oo
273 1981 486 2047 Christianam
499 1982 686 2064 religionem
700 1981 894 2067 profitentes,
917 2003 975 2067 pro
998 1982 1102 2049 salute
1117 1981 1262 2049 veritatis
1284 1981 1319 2048 in
1332 1982 1391 2048 hoe

179 2129 188 2139 .
271 2083 352 2150 libro
375 2090 535 2151 certamen
555 2083 682 2169 inoipio.

643 2309 645 2313 ·
729 2267 852 2358 [carun
873 2266 930 2356 Ν]

356 2407 413 2473 Isti
435 2429 526 2491 vero,
549 2407 592 2473 ad
614 2426 693 2489 quos
716 2407 776 2474 erit
797 2411 865 2474 tota
882 2405 1054 2491 disputatio
1077 2425 1224 2490 aequem,
1248 2425 1390 2474 asseren-

271 2515 320 2578 tes
342 2509 564 2577 auetoritatem
584 2510 714 2595 Imperii
737 2510 778 2575 ab
801 2509 988 2575 auctoritate
1010 2509 1174 2575 Eeolesiae
1199 2507 1391 2594 dependere,

299 2730 322 2762 ⁷⁵
339 2728 434 2783 Fidem
453 2728 576 2784 codicum
591 2728 624 2782 F.
643 2729 675 2782 L.
693 2727 732 2782 M.
757 2727 806 2792 (M.
883 2727 906 2760 ⁸²
923 2726 958 2780 M.
982 2733 1095 2780 matrem
1109 2729 1301 2797 prosteruunt,
1322 2724 1392 2797 quod

339 2814 423 2870 habet
440 2815 554 2876 escebea
577 2829 683 2882 sequor.
711 2843 746 2854 —
770 2813 805 2866 A.
926 2812 988 2867 olim
1006 2818 1033 2866 et
1049 2811 1078 2865 in
1095 2811 1129 2865 V.
1146 2810 1232 2867 fuisse
1249 2811 1363 2867 videtur.
1398 2882 1401 2888 ἱ

339 2899 370 2952 P.
397 2900 463 2955 ebat
484 2899 626 2955 dicebatur
651 2915 744 2971 ppma.
773 2928 806 2936 -
885 2897 908 2931 ⁸³
924 2897 957 2951 A.
976 2896 1011 2950 H.
1029 2896 1067 2949 Μ.
1087 2894 1158 2950 Nam
1179 2914 1240 2952 eum

339 2982 373 3036 V.
399 2983 467 3038 abiit
492 2983 632 3039 dicebatur
656 2999 748 3054 ppma.
773 3010 806 3022 -
943 2981 1166 3037 Emendationem
1188 2981 1266 3054 apud
1289 2999 1350 3048 eos,
1377 2995 1392 3035 s

339 3065 374 3120 H.
386 3066 425 3122 ad
441 3065 492 3122 iae
508 3073 540 3121 ut
556 3067 697 3143 dicebatur
713 3082 806 3139 pyrae.
927 3067 1006 3122 nobis
1023 3067 1199 3136 propositam,
1218 3073 1245 3122 et
1262 3083 1281 3122 a
1292 3067 1392 3122 Fratie.

298 3151 322 3185 ⁷⁶
338 3151 372 3204 A.
392 3151 506 3223 Oportet
528 3168 593 3223 erpo
618 3153 807 3208 auctoritatem
926 3155 1078 3220 receptam,
1111 3168 1192 3221 quum
1225 3167 1286 3207 eam
1318 3150 1392 3207 oodd.

340 3241 498 3291 uenerantes
532 3266 565 3276 -
599 3235 631 3291 V.
659 3236 709 3309 Op.
737 3235 808 3291 iane
927 3236 1090 3312 auctoritate
1107 3252 1162 3291 non
1179 3236 1330 3292 videremus
1347 3236 1392 3290 fir·

288 3361 293 3368 .
340 3321 416 3375 uerit.
434 3326 562 3375 eeaaates
925 3327 1033 3388 matam,
1051 3337 1124 3376 nuno
1141 3321 1293 3390 rejecimus.

300 3406 323 3439 ⁷⁷
340 3405 372 3459 F.
390 3405 421 3459 P.
442 3411 469 3460 et
485 3403 642 3476 uestipaado
655 3403 808 3479 proaedere
943 3407 976 3460 A.
988 3398 1066 3461 xratio
1085 3412 1236 3477 quaeratur

299 3491 323 3524 ⁷⁹
340 3490 420 3546 ΕΜ.
439 3495 466 3545 et
484 3489 557 3545 editt.
576 3491 670 3560 itaque
687 3489 807 3546 exclusis
884 3491 907 3524 ⁸⁴
925 3490 958 3545 F.
980 3490 1018 3544 M.
1036 3491 1066 3544 P.
1084 3489 1208 3546 V.-A.
1225 3490 1261 3544 H.
1280 3491 1319 3551 (L.
1339 3505 1392 3545 aea
1437 3520 1440 3525 -

356 3576 394 3632 M.
411 3576 443 3630 P.
460 3591 601 3631 saeorum
615 3574 719 3646 plumis
925 3575 1051 3630 viderunt
1067 3607 1101 3615 —
1118 3575 1187 3630 Edd.
1205 3591 1261 3630 noa
1279 3570 1440 3631 oideriat’<

301 3662 324 3696 ⁸⁰
340 3662 374 3716 A.
392 3661 423 3716 L.
442 3661 472 3714 P.
490 3653 523 3714 V.
542 3661 653 3732 apertis,
672 3675 735 3716 oves
885 3661 908 3694 ⁸⁸
925 3661 1016 3716 Verba
1033 3660 1111 3716 debet
1121 3661 1213 3733 patri,
1232 3676 1315 3732 quam
1327 3659 1440 3733 pius‘-

358 3748 390 3801 V.
418 3762 481 3801 aues
507 3744 569 3800 aliis
592 3776 626 3785 -
650 3745 681 3800 F.
708 3743 808 3802 omittit
924 3747 1001 3817 filius
1018 3745 1146 3800 omittunt
1162 3744 1201 3800 M.
1218 3745 1250 3799 P.

341 3832 418 3888 aibas
944 3847 1026 3903 quam
1038 3828 1206 3885 desideratur
1223 3829 1252 3885 in
1269 3829 1357 3898 Hung.

357 3917 389 3972 F.
407 3918 438 3972 P.
455 3916 567 3972 Domini
576 3917 689 3986 jactant
888 3917 911 3950 ⁸⁹
928 3916 961 3972 F.
978 3915 1008 3969 P.
1023 3916 1091 3987 pius
1108 3915 1135 3968 ia
1153 3913 1275 3970 homines
1296 3913 1356 3971 eur.

303 4004 325 4037 ⁸¹
342 4003 373 4058 P.
391 4009 423 4057 ut
438 4001 578 4076 futpiliam
595 4016 647 4056 sua
665 4001 776 4070 assequi
886 4002 908 4047 ⁹³
926 4001 961 4055 H.
979 4000 1016 4055 M.
1038 4001 1139 4074 incipio
1157 4005 1293 4056 certamen

343 4205 367 4240 ⁷⁹
384 4205 468 4262 Iidem
486 4220 553 4274 quos
571 4219 654 4273 supra
671 4203 740 4279 filios
758 4203 859 4262 diaboli
877 4219 936 4263 esse
953 4203 1028 4259 dixit.
