2910 4876
230 319 289 381 132
474 323 608 386 DAIITIS
626 321 845 377 MONARCHIA
862 321 910 375 Ill.
930 321 959 376 G.
980 325 1019 375 ll.
1037 324 1100 387 (13.)

226 494 350 576 aliquid
371 495 405 560 in
420 515 491 561 esse
505 494 660 580 producit.
698 494 792 561 Unde
807 513 904 575 quum
918 494 1064 559 Ecclesia
1076 513 1140 558 non
1161 493 1202 558 sit
1217 494 1349 560 effectus

227 601 377 680 naturae,
408 596 465 662 sed
493 597 565 679 Dei,
595 596 743 663 dicentis:
774 595 899 680 „Super
920 596 1002 660 hanc
1024 601 1148 680 petram
1170 594 1348 662 aedificabo

178 703 209 753 15
227 699 406 764 Ecclesiam
426 698 561 782 meam“,
585 703 617 765 et
639 699 731 765 alibi:
755 697 864 781 „Opus
880 698 1104 779 consummavi,
1129 697 1215 778 quod
1231 696 1349 764 dedisti

227 800 305 864 mihi
333 806 367 865 ut
394 799 544 884 faciam“;
579 800 782 867 manifestum
816 803 879 881 est,
919 799 1006 881 quod
1034 799 1065 865 ei
1097 807 1210 864 natura
1244 800 1349 882 legem

226 923 289 967 non
312 903 410 968 dedit.

313 1002 379 1070 Sed
407 1025 466 1070 nec
499 1024 569 1088 per
603 1001 798 1085 divinam,
834 1002 936 1068 omnis
969 1021 1105 1083 namque
1140 1002 1252 1068 divina
1285 1004 1349 1086 lex,

228 1104 361 1171 duorum
383 1107 661 1171 Testamentorum
691 1104 812 1185 gremio
842 1105 1034 1171 continetur:
1066 1105 1100 1169 in
1128 1124 1190 1186 quo
1220 1104 1351 1187 quidem

177 1213 209 1264 20
228 1207 349 1289 gremio
372 1209 511 1293 reperire
526 1226 590 1272 non
611 1224 751 1290 possum,
774 1206 998 1289 temporalium
1012 1204 1259 1272 sollicitudinem
1282 1208 1350 1274 sive

229 1331 336 1375 curam
359 1309 546 1391 sacerdotio,
569 1306 671 1391 primo
695 1308 747 1371 vel
770 1308 952 1390 novissimo,
970 1306 1225 1373 commendatam
1240 1308 1348 1375 fuisse.

227 1412 375 1492 Quinimo
407 1411 551 1495 invenio,
585 1410 767 1478 sacerdotes
795 1409 914 1492 primos
949 1409 990 1474 ab
1019 1409 1077 1473 illa
1107 1409 1148 1475 de
1175 1416 1348 1495 praecepto

227 1519 375 1597 remotos,
398 1519 433 1579 ut
454 1517 544 1599 patet
572 1536 630 1599 per
658 1533 697 1578 ca
727 1532 810 1594 quae
832 1511 921 1576 Deus
943 1510 993 1574 ad
1006 1511 1155 1595 Moysen;
1186 1517 1218 1576 ct
1245 1532 1348 1578 saeer-

228 1614 319 1682 dotes
341 1615 541 1697 novissimos,
564 1636 621 1700 per
642 1635 682 1680 ea
698 1633 779 1695 quae
795 1613 938 1679 Christus
960 1612 1003 1677 ad
1026 1612 1208 1697 discipulos.
1246 1615 1349 1695 Quam

178 1723 209 1774 25
229 1715 358 1797 quidem
381 1716 486 1781 abeis
509 1735 580 1782 esse
601 1722 756 1782 remotam
770 1714 926 1799 possibile
940 1735 1003 1779 non
1018 1718 1112 1797 esset,
1136 1714 1163 1779 si
1185 1716 1349 1796 regiminis

227 1818 414 1900 temporalis
437 1817 609 1884 auotoritas
638 1839 658 1882 a
680 1816 858 1883 sacerdotio
884 1815 1084 1898 demanaret;
1116 1835 1212 1897 quum
1235 1818 1349 1883 saltem

228 1920 261 1983 in
293 1918 517 1986 auctorizando
552 1920 734 1985 sollicitudo
766 1916 959 2004 provisionis
987 1917 1134 1999 instaret,
1170 1923 1202 1983 et
1233 1917 1348 1986 deinde

228 2022 355 2087 cautela
366 2020 523 2104 continua,
538 2042 579 2087 ne
589 2023 802 2088 auctorizatus
813 2042 833 2086 a
844 2019 972 2085 tramite
983 2018 1182 2084 rectitudinis
1195 2019 1347 2088 deviaret.

313 2122 406 2202 Quod
434 2131 539 2190 autem
569 2144 588 2188 a
610 2145 652 2190 se
674 2143 738 2189 non
759 2121 929 2205 receperit,
953 2119 994 2185 de
1016 2120 1104 2185 sacili
1125 2126 1229 2204 patet:
1260 2123 1348 2189 Nihil

178 2233 211 2310 §0
228 2230 278 2290 est
300 2225 386 2305 quod
408 2224 485 2290 dare
508 2226 624 2310 possit,
654 2223 741 2306 quod
767 2222 959 2288 nonhabet.
1011 2221 1105 2288 Unde
1134 2244 1227 2291 omne
1249 2245 1347 2308 agens

228 2326 367 2410 aliquid,
400 2332 474 2393 actu
508 2346 578 2393 csse
614 2326 679 2391 tale
712 2331 851 2410 oportet,
885 2324 980 2407 quale
1010 2342 1106 2405 agere
1135 2324 1287 2390 intendit:
1315 2331 1348 2391 ut

227 2428 363 2494 habetur·
384 2428 418 2492 in
434 2427 493 2511 iis,
518 2447 600 2509 quae
623 2427 664 2494 de
686 2427 873 2510 simpliciter
887 2427 978 2492 Ente.
1018 2423 1084 2490 Sed
1106 2431 1239 2511 constat,
1264 2428 1348 2510 quod

257 2630 277 2662 ¹³
295 2629 493 2696 Fruticellium,
535 2645 577 2684 me
620 2627 759 2693 suadente,
838 2629 861 2660 ²⁵
878 2630 911 2681 A.
931 2628 966 2680 H.
985 2627 1023 2680 M.
1042 2626 1071 2679 P.
1088 2626 1120 2679 V.
1141 2631 1168 2682 et
1186 2627 1261 2683 editt.
1281 2634 1355 2688 antt.

294 2714 390 2769 merito
416 2730 466 2782 pro
497 2715 575 2769 aliud
606 2713 761 2768 exhibuisse
801 2715 802 2719 ’
876 2713 1008 2784 possibile
1025 2717 1138 2766 aorccst

296 2798 404 2868 aliquid
420 2801 448 2852 iu
466 2814 523 2852 esse
539 2798 679 2870 producit,
697 2814 761 2867 pro·
841 2798 863 2829 ²⁷
880 2799 913 2850 A.
924 2798 1027 2852 Vsum
1044 2798 1138 2852 saltem
1151 2797 1348 2852 auctorizatio

296 2883 344 2937 bat
361 2882 482 2937 codicum
501 2900 658 2939 consensus.
899 2884 931 2935 A.
950 2883 1104 2937 sollicitudo
1118 2883 1311 2956 promissionis

257 2968 277 3000 ¹⁶
294 2967 325 3020 P.
344 2974 374 3020 at
390 2968 493 3036 faciam
513 2971 594 3023 irruite
611 2976 652 3023 est
841 2968 864 3000 ²⁸
880 2967 912 3021 F.
931 2984 965 3021 nc
982 2975 1139 3023 auctoratus
1157 2985 1174 3021 a
1193 2970 1300 3022 tramite

257 3051 279 3083 ¹⁰
296 3050 327 3103 F.
358 3051 394 3104 H.
424 3052 456 3105 L.
493 3053 608 3107 duorum
645 3054 763 3107 testimo·
841 3053 864 3085 ²⁹
880 3052 965 3106 Editt.
1016 3052 1220 3107 adversantibus
1272 3053 1348 3107 libris

295 3137 401 3188 sciorum
883 3136 978 3206 msptis
996 3137 1030 3191 de
1045 3138 1128 3207 facili
1138 3144 1219 3208 patet
1236 3139 1276 3195 sic

299 3321 319 3352 ¹⁴
338 3320 445 3375 Erana.
470 3322 624 3376 Murmur
651 3337 710 3389 cap.
735 3322 807 3376 XVI.
834 3341 858 3377 v.
886 3327 924 3376 ts.
1003 3341 1004 3346 ¹
1033 3327 1054 3357 ¹⁵
1076 3324 1185 3378 Eurus.
1209 3324 1348 3380 domums

228 3404 287 3458 cap.
304 3389 392 3442 XVII.
409 3407 433 3442 r.
452 3395 477 3444 4.
548 3391 571 3423 ²³
587 3389 725 3444 Numeri
742 3405 801 3458 cap.
819 3391 920 3444 xvlss.
939 3407 1007 3445 vers.
1028 3395 1069 3444 20.
1088 3392 1236 3462 „Dixitque
1254 3393 1348 3448 Domi-

227 3473 278 3512 nus
295 3456 330 3511 ad
347 3458 454 3511 Aaron:
480 3459 511 3512 In
528 3464 602 3512 terra
625 3473 717 3512 eorum
735 3458 801 3511 nihil
818 3459 1004 3527 possidebitis,
1022 3475 1073 3513 nec
1091 3460 1225 3514 habebitis
1243 3467 1349 3529 partem

226 3526 370 3580 intereos.
406 3526 464 3594 Ego
486 3542 550 3595 pars
575 3530 602 3581 et
625 3525 760 3580 hereditas
783 3533 831 3581 tua
851 3527 880 3580 in
905 3527 991 3582 medio
1016 3528 1131 3581 liliorum
1155 3529 1268 3583 Israel‘.
1306 3530 1347 3584 ef.

229 3594 371 3648 Aucroars
389 3594 580 3662 Purgatorium
596 3595 668 3648 XVI.
692 3599 753 3649 131:

468 3720 474 3731 .
503 3723 508 3733 .
538 3718 544 3728 .
572 3719 579 3760 :
608 3697 640 3734 or
658 3679 797 3757 discerno,
810 3679 966 3760 perobtuda
984 3682 1109 3752 retappio

465 3747 501 3802 Li
513 3747 575 3818 [ipit
593 3748 623 3802 di
638 3747 702 3801 dem
718 3747 823 3816 farone
840 3753 932 3801 escuir.

230 3829 253 3861 ²⁴
270 3830 378 3884 Eunus.
396 3831 551 3885 Msurmr
568 3847 627 3900 cap.
645 3833 678 3885 X.
698 3847 766 3886 vers.
785 3837 813 3885 9:
841 3832 949 3897 „Nolite
974 3832 1112 3902 possidere
1128 3849 1236 3899 aurum,
1260 3851 1349 3904 neque

229 3901 377 3965 argentum,
395 3914 429 3953 ne
448 3915 482 3954 ue
498 3900 642 3969 pecuniam
659 3901 686 3953 in
703 3901 777 3954 zonis
796 3900 920 3955 vestris.“
991 3903 1013 3937 ³²
1030 3901 1223 3956 Aursrornnue
1242 3903 1349 3958 Meta·

230 3966 325 4035 phys.
346 3966 405 4020 Lib.
425 3968 435 4020 l
466 4010 472 4021 .
491 3983 550 4090 cap.
562 3972 586 4022 8.
604 3969 675 4032 (lect.
687 3973 720 4032 7.)
738 3968 832 4023 transl.
846 3974 900 4021 ant.
928 3968 1057 4037 „Semper
1071 3969 1141 4023 enim
1159 3985 1193 4023 ex
1210 3974 1349 4039 potestate

229 4039 299 4098 onte,
317 4033 348 4087 fit
365 4041 428 4089 actu
446 4051 493 4089 cns
512 4052 528 4090 a
564 4042 627 4090 actu
645 4042 715 4101 ente,
734 4041 765 4090 ut
781 4037 860 4090 homo
880 4052 913 4090 ex
930 4037 1045 4098 homine,
1062 4039 1181 4091 musicus
1199 4053 1216 4091 a
1233 4040 1347 4103 musico,

229 4116 335 4170 semper
357 4110 479 4158 movente
501 4104 590 4184 aliquo
614 4108 709 4173 primo.
745 4105 856 4158 Movens
880 4112 969 4159 autem
992 4113 1056 4159 actu
1078 4105 1134 4173 jam
1159 4112 1212 4160 est:
1236 4106 1349 4162 Dictum

229 4177 270 4223 est
287 4177 377 4224 autem
394 4171 422 4225 in
439 4172 607 4226 sermombus
626 4172 659 4226 de
677 4173 837 4238 substantia,
856 4173 919 4239 quia
937 4189 1014 4227 omne
1032 4173 1104 4241 qnod
1120 4172 1166 4238 fit,
1190 4173 1222 4228 fit
1246 4190 1279 4229 ex
1297 4175 1349 4230 ali·

228 4254 296 4306 quo,
316 4242 344 4291 ct
361 4240 395 4293 ab
414 4239 518 4309 aliquo,
537 4244 564 4293 ct
581 4240 632 4294 hoe
651 4240 742 4310 specie
758 4241 854 4297 idem.“
