2910 4876
271 278 311 338 74
565 278 701 367 DANTIS
719 278 938 334 MONARCHIA
954 279 988 333 11.
1009 279 1037 335 C.
1058 284 1097 334 to.

268 474 344 520 vero
366 451 400 517 in
422 448 557 534 0fficiis;
592 456 624 516 et
646 450 915 533 quemadmodum
943 451 978 516 in
1006 472 1081 519 eura
1103 451 1288 520 medicinali
1317 459 1390 521 ante

268 556 386 623 sermm
414 557 447 618 et
467 552 575 634 ignem
596 552 703 619 omnia
725 552 921 637 experienda
946 559 1032 637 sunt,
1063 560 1094 622 et
1123 553 1166 620 ad
1195 557 1256 622 hoe
1278 556 1389 625 ultimo

267 654 505 737 recurrendum3
540 652 586 718 sic
614 654 759 720 omnibus
789 655 851 720 riis
881 655 1081 739 investigatis
1109 678 1166 741 pro
1192 656 1317 741 judicio
1351 658 1389 726 de

268 759 326 826 lite
347 754 506 839 habendo,
529 753 648 821 adhoc
668 754 844 822 remedium
863 756 984 841 ultimo,
1008 756 1148 839 quadam
1165 757 1315 843 justitiae
1337 780 1389 827 ne-

220 879 252 929 co
271 860 418 927 cessitate
441 856 543 925 eoacti
564 876 770 923 recurramus.

352 963 425 1026 Duo
454 958 551 1042 igitur
577 958 723 1025 formalia
752 957 851 1027 duelli
873 966 1043 1045 apparent:
1080 980 1176 1026 unum
1201 962 1278 1045 hoc,
1303 961 1392 1045 quod

267 1083 350 1129 nune
372 1061 491 1129 dietum
514 1066 577 1146 est,
608 1058 711 1144 aliud,
741 1059 827 1143 quod
855 1060 1001 1145 superius
1023 1063 1228 1144 tangebatur:
1257 1064 1389 1150 scilieet,

267 1171 302 1231 ut
323 1187 387 1232 non
409 1164 493 1249 odio,
515 1185 579 1231 non
596 1183 714 1246 amore,
737 1162 795 1230 sed
816 1163 885 1229 solo
900 1163 968 1230 zelo
986 1162 1141 1248 justitiae,
1165 1164 1206 1231 de
1229 1167 1392 1232 communi
1427 1159 1429 1163 ’

269 1265 407 1334 adsensu
436 1267 601 1349 agonistae
631 1285 688 1331 seu
723 1262 902 1331 duelliones
935 1265 1131 1349 palaestram
1160 1267 1389 1350 ingrediantur.

218 1389 249 1440 25
267 1369 309 1433 Et
330 1374 461 1453 propter
487 1368 548 1433 hoc
570 1367 652 1432 bene
675 1365 852 1450 Tullius,
882 1385 978 1448 quum
1007 1366 1047 1433 de
1075 1368 1137 1434 hac
1160 1368 1297 1433 materia
1320 1375 1389 1434 tan-

268 1475 371 1553 geret,
401 1469 566 1551 inquiebat
594 1467 692 1534 enim:
729 1465 817 1550 „Sed
848 1467 948 1552 bella,
980 1469 1094 1550 quibus
1115 1470 1246 1555 Imperii
1269 1490 1389 1538 corona

266 1570 432 1657 proposita
454 1576 518 1654 est,
541 1569 644 1635 minus
666 1569 780 1635 acerbe
802 1568 942 1651 gerenda
964 1569 1066 1636 sunt.“

352 1670 446 1752 Quod
468 1672 496 1737 si
517 1671 664 1738 formalia
686 1670 786 1736 duelli
808 1677 936 1737 servata
958 1677 1030 1738 sunt
1060 1670 1169 1757 (aliter
1190 1673 1275 1738 enim
1299 1673 1389 1741 duel-

267 1774 333 1838 lum
360 1794 424 1839 non
452 1777 561 1857 esset),
580 1832 582 1836 .
590 1773 735 1857 justitiae
766 1773 956 1840 necessitate
989 1773 1029 1840 de
1062 1774 1219 1840 communi
1247 1774 1391 1842 adsensu

217 1898 249 1950 30
268 1873 452 1957 congregati
472 1879 602 1960 propter
616 1876 719 1941 zelum
737 1874 891 1960 justitiae,
914 1897 1018 1943 nonne
1039 1876 1213 1943 innomine
1235 1877 1299 1943 Dei
1316 1899 1388 1945 con-

267 1975 391 2058 gregati
413 1977 508 2040 sunt?
544 1977 586 2040 Et
608 1977 637 2042 si
657 1978 719 2060 sic,
748 1997 851 2043 nonne
873 1977 962 2042 Deus
989 1978 1023 2043 in
1048 1978 1153 2044 medio
1176 1978 1307 2044 illorum
1330 1986 1388 2063 est,

268 2098 364 2161 quum
391 2078 461 2162 ipse
489 2078 522 2142 in
543 2078 720 2162 Evangelio
749 2078 924 2144 nobishoc
951 2079 1140 2163 promittat?
1177 2078 1219 2144 Et
1247 2080 1275 2145 si
1298 2082 1389 2148 Deus
1423 2154 1425 2159 ,

266 2179 367 2264 adest,
390 2199 493 2246 nonne
508 2179 597 2246 nefas
618 2186 675 2265 est,
699 2179 854 2264 arbitrari,
873 2180 1033 2265 justitiam
1048 2182 1253 2249 succumbere
1268 2184 1387 2267 posse?

268 2302 363 2365 quam
384 2282 455 2366 ipse
476 2282 509 2346 in
530 2287 652 2348 tantum
676 2281 796 2365 diligit,
826 2288 979 2364 quantum
1002 2282 1146 2367 superius
1168 2290 1385 2368 praenotatur.

115 2399 117 2404 ’
218 2408 249 2460 35
267 2386 309 2450 Et
336 2384 364 2451 si
388 2384 514 2469 justitia
542 2384 576 2448 in
598 2384 706 2450 duello
738 2384 942 2451 succumbere
970 2384 1096 2468 nequit,
1125 2405 1228 2451 nonne
1252 2386 1293 2452 de
1315 2386 1387 2473 jure

266 2486 457 2570 adquiritur,
481 2484 567 2569 quod
587 2507 645 2570 per
667 2485 809 2552 duellum
830 2485 1029 2568 adquiritur?

296 2640 316 2672 ¹⁷
334 2638 364 2691 Ρ.
383 2638 475 2692 omnia
492 2636 621 2691 tentanda
877 2637 901 2668 2⁸
917 2637 951 2690 A.
970 2637 1002 2690 F.
1020 2635 1052 2689 L.
1067 2636 1096 2689 P.
1108 2636 1142 2690 V.
1160 2642 1188 2689 et
1205 2638 1265 2692 edd.
1284 2639 1386 2709 antiqu.

350 2724 385 2776 A.
403 2723 435 2775 L.
453 2722 483 2775 Ρ.
494 2721 570 2774 -Η,
590 2721 627 2776 ad
644 2719 804 2790 hujusmodi
918 2721 997 2776 —H.
1006 2720 1044 2773 Μ.
1063 2724 1091 2775 11
1109 2721 1223 2776 Turrius
1242 2739 1304 2778 cum
1320 2725 1386 2779 Fra·

334 2839 366 2847 -
384 2806 491 2875 Reliqui
509 2809 537 2859 et
553 2804 613 2859 edd.
632 2805 670 2859 ad
686 2804 754 2860 buco
918 2805 963 2860 tic.
982 2805 1116 2859 servanda

295 2893 316 2925 33
333 2893 365 2945 A.
384 2891 415 2944 F.
433 2890 468 2944 H.
485 2890 525 2944 M.
549 2890 579 2943 Ρ.
597 2890 631 2943 V.
661 2920 691 2928 -
719 2888 753 2943 L.
774 2893 801 2944 et
879 2890 902 2922 ²⁰
919 2890 950 2944 L.
969 2889 1087 2945 duellam
1105 2907 1160 2945 aon
1178 2893 1231 2945 crit

333 2974 392 3030 edd.
411 2991 481 3028 omn.
499 2976 549 3029 viis
562 2975 644 3045 prius
662 2975 752 3027 invect.
877 2975 900 3008 ³⁰
917 2976 948 3028 F.
969 2975 999 3028 Ρ.
1017 2991 1108 3029 noane
1125 2982 1151 3028 et
1169 2978 1278 3030 nomiae

294 3059 418 3113 13Α.Η.
437 3059 469 3111 L.
488 3059 525 3112 M.
544 3059 577 3113 V.
605 3089 638 3098 —
667 3058 698 3112 F.
716 3058 747 3114 P.
773 3063 800 3112 et
876 3059 899 3092 ³²
916 3059 948 3112 F.
968 3061 996 3114 ia
1014 3059 1146 3131 Euaaqel.
1171 3059 1223 3115 laos
1247 3092 1278 3102 -
1304 3063 1335 3117 P.
1360 3064 1386 3117 ia

334 3143 393 3198 edd.
412 3143 558 3196 remedium
575 3144 697 3198 utilimum
919 3144 969 3199 Eo.
987 3145 1065 3199 scobis
1081 3143 1148 3198 buco

350 3228 381 3281 F.
401 3227 507 3296 quidem
520 3228 647 3297 justitiae
879 3230 901 3262 33
918 3229 949 3283 F.
967 3230 1001 3283 H.
1023 3230 1055 3282 L.
1083 3229 1120 3283 M.
1150 3259 1184 3269 -
1212 3231 1242 3284 Ρ.
1268 3231 1388 3288 babituri

293 3314 316 3346 2¹
332 3312 364 3366 F.
384 3312 445 3366 Duo
463 3328 528 3383 erpo
913 3316 1004 3385 justit.
1030 3345 1064 3353 -
1084 3315 1118 3370 A.
1137 3314 1168 3368 V.
1191 3318 1220 3369 et
1242 3315 1386 3372 111111111-

293 3398 316 3431 ²³
333 3398 365 3450 A.
382 3397 416 3450 Η.
435 3396 467 3450 L.
484 3396 521 3449 M.
539 3396 571 3450 Ρ.
590 3426 623 3434 -
640 3396 703 3450 libri
719 3397 797 3467 impr.
919 3399 1006 3455 beredo
1023 3401 1115 3470 justit.

333 3482 382 3537 scd
398 3480 455 3535 solo
467 3481 596 3552 justitiae
615 3481 682 3535 zel.
709 3513 742 3522 -
765 3484 798 3538 F.
878 3484 901 3516 33
918 3486 950 3537 A.
970 3501 1052 3555 quam
1070 3483 1103 3537 ill
1204 3503 1206 3508 ·

333 3567 382 3621 scd
407 3566 466 3620 zelo
487 3567 557 3635 just.
588 3593 622 3603 —-
650 3566 682 3619 ln
700 3568 733 3622 V.
758 3574 800 3623 est
878 3569 902 3602 ³⁵
918 3568 988 3623 Edd.
1008 3569 1109 3638 antiqu.
1126 3570 1155 3623 in
1169 3569 1385 3627 bellosuccamb.

333 3653 431 3706 lacuna
936 3653 1029 3707 Indea
1045 3653 1133 3708 verbis
1150 3655 1327 3710 succumbere
1343 3671 1386 3708 ne-

293 3738 316 3770 2⁵
333 3737 479 3801 Fratieell.‚
498 3737 560 3791 vitio
571 3737 736 3806 typothetae,
746 3736 799 3792 nisi
919 3738 979 3806 quit
995 3737 1125 3806 usquead
1136 3738 1218 3792 verba
1236 3740 1286 3794 sub
1299 3740 1385 3794 educto

333 3821 421 3886 fallor,
440 3821 538 3876 omittit
554 3821 607 3877 buc
918 3821 1059 3876 Romanae
1100 3824 1273 3878 auctoritatis
1315 3826 1386 3880 circa

292 3906 316 3939 33
333 3906 363 3959 F.
381 3906 411 3960 Ρ.
431 3907 500 3961 bella
512 3924 568 3978 pro
587 3908 685 3976 quibas
917 3905 998 3960 finem
1013 3907 1124 3976 capituli
1139 3907 1290 3962 duodecimi
1306 3912 1341 3978 (p.
1353 3913 1384 3962 80

352 3991 435 4059 Apud
446 3990 601 4046 Ciceronem
619 3991 689 4062 imp.
706 3992 798 4062 pluria
917 3991 1384 4054 v.29)estlacunaineod.Palatino.

336 4127 358 4159 ¹⁶
373 4126 474 4180 G1cnno
492 4125 533 4181 De
552 4125 648 4181 officiis
666 4127 688 4180 I.
708 4131 746 4180 12.
765 4129 827 4191 (38.)
906 4127 929 4160 33
946 4126 988 4180 Ι)1
1006 4126 1078 4181 offic.
1096 4128 1113 4181 l.
1134 4142 1157 4182 c.
1238 4129 1261 4161 ³²
1278 4129 1384 4183 Erana.

266 4192 421 4247 Murenam
441 4199 480 4248 18.
499 4211 522 4248 v.
543 4199 583 4248 20.
