2910 4876
258 315 298 379 88
550 318 685 373 DANTIS
702 317 921 374 MONARCHIA
938 319 985 372 111.
1003 319 1033 373 (l.
1054 325 1075 372 1.

199 567 205 577 Ι
257 511 291 558 se
313 491 450 574 facturo,
473 511 532 557 nos
554 490 655 575 docet,
678 511 717 556 ac
736 495 925 576 praeceptor
947 510 1069 556 morum
1084 489 1380 576 Philosophus,

256 592 427 658 familiaria
449 591 643 659 destruenda
663 613 721 678 pro
744 592 878 658 veritate
905 591 1033 676 suadet,
1064 590 1235 677 adsumpta
1262 591 1381 658 fiducia

258 693 298 760 de
326 693 432 759 verbis
460 693 605 759 Danielis
637 694 836 778 praemissis,
872 693 906 757 in
934 693 1049 775 quibus
1085 692 1196 758 divina
1223 694 1379 778 potentia,

258 795 390 880 clypeus
419 793 618 863 defensorum
647 795 807 879 veritatis,
837 794 1024 878 adstruitur,
1051 794 1147 878 juxta
1173 795 1380 861 monitionem

210 920 238 969 15
256 898 389 981 Pauli,
411 895 487 964 fidei
500 897 632 963 loricam
653 895 795 980 induens,
817 896 851 960 in
874 896 979 961 calore
994 895 1140 961 carbonis
1162 895 1259 980 illius,
1284 917 1379 978 quem

255 1018 336 1064 unus
358 996 398 1064 dc
420 996 587 1082 Seraphim
608 998 732 1082 accepit
754 996 794 1063 dc
816 997 911 1062 altari
933 997 1079 1081 coelesti,
1103 1001 1135 1063 et
1157 996 1263 1078 tetigit
1289 997 1400 1079 labia

255 1098 403 1183 Isaiae,
425 1100 627 1185 gymnasium
640 1119 792 1184 praesens
813 1097 991 1182 ingrediar,
1013 1105 1045 1163 et
1066 1099 1099 1163 in
1115 1099 1246 1165 brachio
1270 1099 1372 1184 Illius,

256 1200 311 1282 qui
331 1221 390 1267 nos
412 1200 452 1266 de
473 1206 632 1284 potestate
659 1201 862 1268 tenebrarum
890 1199 1041 1265 liberavit
1068 1200 1102 1263 in
1131 1200 1375 1285 sanguineus,

254 1303 387 1388 impium
420 1307 515 1384 atque
547 1302 734 1369 mendacem
769 1301 809 1367 de
842 1302 1020 1386 palaestra,
1055 1307 1218 1384 spectante
1247 1302 1378 1387 mundo,

206 1429 238 1479 20
257 1404 392 1489 ejiciam.
428 1403 514 1485 Quid
535 1405 689 1471 timeam?
721 1424 817 1487 quum
841 1402 993 1489 Spiritus,
1016 1404 1105 1469 Patri
1127 1408 1159 1469 et
1180 1403 1265 1469 Filio
1289 1424 1379 1470 eoae-

255 1509 371 1588 temus‚
395 1504 441 1569 ait
462 1524 519 1588 per
543 1526 578 1572 os
600 1506 750 1572 David:
783 1507 841 1590 „In
863 1506 1016 1571 memoria
1037 1509 1168 1570 aeterna
1185 1505 1246 1570 erit
1263 1504 1381 1589 justae,

255 1605 297 1671 ab
320 1604 483 1672 auditione
505 1603 591 1672 mala
612 1630 675 1685 non
698 1606 853 1674 timebit.“

341 1707 492 1787 Quaestio
520 1708 616 1789 igitur
643 1729 811 1794 praesens,
841 1708 881 1774 de
910 1727 974 1790 qua
1001 1706 1164 1788 inquisitio
1190 1707 1298 1781 futma
1321 1711 1379 1791 est,

255 1808 337 1874 inter
359 1808 420 1874 duo
443 1808 612 1874 luminaria
633 1829 750 1892 magna
768 1815 927 1877 versatur:
949 1810 1127 1875 Romanum
1150 1807 1272 1872 sufficet
1295 1803 1375 1874 Pon-

205 1937 236 1988 25
255 1908 381 1993 tifieem,
398 1915 429 1976 et
444 1911 620 1977 Romanum
631 1913 824 1998 Principem3
848 1916 880 1978 et
895 1911 1070 1992 quaeritur:
1092 1913 1225 1973 utrum
1240 1914 1378 1975 auoto-

255 2011 358 2076 ritas
379 2011 619 2078 Monarchae
640 2013 822 2096 Romani,
846 2013 900 2094 qui
925 2012 965 2078 de
984 2012 1057 2097 jure
1071 2010 1245 2077 Monarcha
1267 2011 1379 2076 mundi

256 2118 318 2197 est,
339 2112 428 2178 utin
450 2113 587 2180 secundo
610 2113 692 2180 libro
713 2113 882 2198 probatum
905 2119 968 2197 est,
990 2111 1227 2179 immediate
1249 2132 1270 2175 a
1292 2113 1378 2180 Deo

256 2214 497 2299 dependeat,
535 2235 582 2280 an
610 2215 658 2280 ab
687 2214 823 2296 aliquo
852 2215 928 2279 Dei
957 2214 1112 2281 vicario
1141 2214 1193 2280 vel
1221 2213 1376 2297 ministro,

255 2335 349 2399 quem
363 2317 449 2384 Petri
470 2336 683 2383 successorem
705 2315 858 2400 intelligo,
882 2316 936 2397 qui
958 2336 1033 2383 vere
1057 2315 1199 2398 claviger
1220 2320 1269 2382 est
1284 2315 1375 2398 regni

203 2447 236 2504 ³0
254 2420 422 2486 coelorum.

281 2673 303 2705 ¹¹
321 2671 353 2726 F.
371 2671 406 2726 H.
428 2672 460 2725 L.
483 2672 521 2725 M.
540 2671 570 2726 P.
589 2673 623 2726 V.
649 2704 684 2712 -
707 2672 740 2725 A.
760 2674 789 2726 iu
871 2671 889 2701 ¹¹
908 2669 941 2722 A.
955 2683 1091 2740 praescus
1109 2667 1259 2740 apprediar

320 2772 349 2811 sc
365 2756 500 2827 facturos.
525 2787 560 2797 —
585 2757 654 2812 Edd.
679 2761 734 2812 ant.
760 2758 788 2811 in
869 2754 890 2786 ¹¹
906 2756 939 2807 A.
956 2754 989 2807 L.
1008 2754 1149 2824 imperium
1168 2758 1251 2822 atquc
1269 2752 1356 2807 mend.

320 2857 350 2895 se
374 2841 472 2912 futuro
503 2871 537 2880 -
563 2848 674 2897 recentt.
705 2844 733 2897 iu
759 2858 788 2897 sc
867 2840 889 2871 ²¹
907 2838 950 2892 Ita
968 2853 1029 2892 cum
1046 2838 1080 2891 H.
1098 2838 1131 2892 L.
1148 2838 1186 2892 M.
1205 2839 1325 2892 V.-A.
1344 2837 1375 2891 F.

320 2927 447 2996 futurum
464 2926 585 2981 —Nihil
601 2928 697 2982 horum
715 2927 788 2997 apud
907 2923 937 2976 P.
959 2925 1020 2994 ajat
1032 2941 1088 2995 per
1105 2941 1136 2979 os
1153 2924 1222 2978 Dav.
1247 2955 1282 2964 -
1305 2924 1375 2978 Edd.

322 3009 454 3064 Fioinum.
908 3008 984 3063 dicut
994 3025 1050 3079 per
1067 3024 1098 3063 os
1114 3009 1183 3064 Dav.

282 3094 304 3126 ¹²
320 3094 351 3147 P.
369 3109 425 3165 pro
452 3095 549 3148 uirtute
576 3096 674 3151 suadet
698 3128 731 3136 -
754 3097 787 3150 L.
809 3118 811 3122 ³
866 3094 889 3126 ²³
906 3093 938 3147 F.
957 3093 1085 3159 Quaestio
1108 3110 1175 3163 erpo
1190 3111 1326 3165 praeseus

317 3193 373 3248 pro
391 3193 445 3231 ver.
463 3178 538 3233 decet
555 3179 600 3233 uel
613 3181 711 3235 suadet
923 3177 962 3230 M.
980 3179 1118 3247 inquisitio
1135 3179 1250 3249 factura

282 3262 303 3296 ¹¹
320 3262 355 3315 H.
365 3261 478 3334 clypeus
495 3262 788 3337 defensor—Arm.
865 3263 888 3296 ²¹
905 3263 940 3317 A.
958 3262 996 3317 M.
1014 3262 1193 3319 Monarchiuc
1209 3262 1332 3319 Romani

321 3347 651 3417 defensionis-Fioinus
669 3349 788 3405 ioscudo
862 3347 885 3383 ¹⁸
902 3347 934 3401 F.
953 3347 996 3402 uel
1012 3349 1046 3402 uh
1064 3349 1157 3418 aliquo

322 3432 367 3487 del
382 3432 538 3503 difcuscre‚
557 3449 571 3486 e
588 3432 628 3488 dc’
646 3433 731 3504 discsi
866 3433 890 3465 ¹⁹
906 3449 969 3486 uere
986 3433 1062 3488 deest
1078 3435 1108 3487 in
1124 3433 1155 3487 P.

283 3518 304 3551 ¹¹
320 3517 391 3572 Edd.
410 3534 447 3573 cx
466 3518 551 3573 ulturi
923 3517 993 3572 Edd.
1012 3525 1052 3573 est
1068 3519 1189 3589 claviper

324 3759 344 3790 ¹¹
362 3757 554 3812 Aarsuouunns
572 3755 663 3810 Ethic.
682 3755 786 3811 Nicon.
801 3755 822 3808 I.
842 3771 901 3825 cap.
914 3761 939 3810 4.
957 3756 1045 3811 versio
1063 3762 1118 3811 ant.
1155 3754 1332 3820 ,‚Videbitur.
1348 3791 1372 3804 .-

253 3823 346 3879 melins
365 3840 424 3879 esse
440 3866 464 3880 ..
481 3866 487 3879 .
506 3831 532 3879 et
549 3831 683 3893 oportere,
720 3840 751 3878 ro
769 3824 856 3878 salute
868 3824 988 3879 veritatis
1007 3831 1034 3878 et
1050 3823 1194 3878 familiaria
1208 3823 1372 3877 destrucre.“

291 3892 574 3948 ¹⁵LThessalon.
600 3908 659 3963 cap.
711 3907 809 3946 .vcrs.
830 3897 855 3946 8.
896 3893 1098 3958 ‚‚Ncsautem‚
1123 3893 1168 3961 qui
1194 3889 1248 3945 diei
1273 3905 1372 3954 sumus,

255 3960 338 4015 sobrii
355 3960 449 4027 simne,
466 3960 554 4015 induti
571 3961 682 4015 loricam
699 3960 761 4014 fidei
779 3965 805 4013 et
823 3961 957 4025 cantatis,
976 3967 1003 4015 et
1020 3962 1138 4028 galeam,
1157 3974 1232 4028 spem
1250 3959 1371 4014 salutis.“

290 4030 311 4062 ¹⁷
328 4028 440 4083 Jnssms
459 4045 518 4097 cap.
531 4029 577 4082 Vl.
596 4044 664 4082 vers.
682 4034 706 4083 6.
726 4034 750 4082 7.
785 4027 839 4094 „Et
856 4031 955 4083 volavit
971 4029 1006 4083 ad
1023 4045 1065 4084 me
1083 4045 1153 4083 unus
1171 4028 1204 4081 de
1223 4026 1368 4095 Seraphim,

255 4096 326 4149 etin
343 4112 425 4150 manu
443 4097 502 4164 ejus
521 4096 654 4162 calculus,
673 4112 752 4164 quem
768 4095 872 4165 forcipe
889 4097 990 4152 tulerat
1007 4097 1039 4152 de
1057 4097 1144 4152 altari.
1180 4096 1218 4149 Et
1235 4094 1324 4163 tetigit
1339 4109 1369 4147 os

254 4177 355 4227 meum,
374 4171 401 4218 et
418 4165 498 4218 dixit:
522 4164 596 4218 Ecce
613 4164 700 4232 tetigit
717 4164 769 4218 hoc
785 4164 858 4218 labia
875 4171 935 4230 tua,
954 4171 988 4223 ,et
1010 4165 1147 4220 auferetur
1169 4164 1297 4232 iniquitas
1314 4168 1368 4224 tua,

255 4235 283 4285 et
292 4236 434 4300 peccatum
445 4239 520 4286 tuum
530 4231 728 4286 mundabitur.“
799 4233 820 4264 ¹¹
833 4232 945 4287 Psalm
954 4249 991 4287 us
1007 4238 1053 4287 112
1063 4234 1178 4300 (Cathol.
1191 4237 1258 4300 111.)
1266 4246 1334 4288 vers.
1344 4234 1367 4282 7.
