2896 4876
249 351 327 405 XXII
669 348 955 406 PROLnGOMENA.

336 607 506 675 NOSTRA
530 609 588 672 AD
611 605 1060 674 INTERPRETATIONEM
1081 605 1293 674 SYMBOLA.

354 781 395 852 Ut
414 781 583 852 obscurius
602 781 641 853 ab
660 792 790 852 auctore
820 791 931 851 nostro
959 782 1119 851 dictorum
1149 790 1270 851 rectam
1299 805 1376 851 sen·

251 906 385 982 tentiam
404 908 581 980 lectoribus
600 908 774 1004 aperirent,
800 909 854 1004 qui
883 908 1038 979 hactenus
1057 907 1279 978 Monarchiani
1308 909 1376 977 edi·

251 1036 379 1126 derunt,
408 1035 486 1105 nihil
515 1046 680 1106 curarunt.
735 1034 783 1105 Ab
811 1036 938 1129 integro
965 1036 1065 1130 igitur
1091 1047 1232 1106 reserat
1259 1059 1376 1130 aggre·

250 1165 377 1235 dieuda.
433 1163 497 1234 Sed
526 1163 639 1257 lugere
667 1186 720 1233 me
748 1186 813 1232 non
841 1162 964 1259 potuit,
999 1162 1052 1233 tali
1087 1162 1195 1233 ollicio
1224 1186 1276 1233 me
1305 1186 1375 1233 non

249 1317 322 1362 esse
349 1315 472 1387 parem.
518 1289 850 1383 Argumentationum
872 1287 967 1382 hujus
987 1289 1059 1360 libri
1079 1289 1259 1360 obscuritas
1282 1314 1377 1384 prae·

250 1419 362 1491 sertim
392 1419 425 1488 in
452 1443 491 1489 eo
520 1416 677 1507 consistit,
703 1416 790 1511 quod
811 1414 930 1486 Dentes
956 1417 988 1487 in
1016 1416 1238 1487 ratiocinando
1257 1417 1376 1489 formis

249 1558 282 1617 et
317 1545 466 1616 terminis
493 1544 650 1615 technicis
678 1522 972 1634 Scholasticorum,
1009 1554 1119 1615 nostro
1154 1544 1307 1640 loquendi
1344 1556 1379 1615 et

251 1672 468 1744 concludendi
497 1672 569 1742 usui
597 1670 815 1761 alienissimis,
842 1671 953 1741 utitur.
998 1670 1048 1741 Me
1075 1697 1152 1743 vero
1181 1665 1240 1760 his,
1270 1681 1303 1743 ut
1331 1673 1376 1744 ita

252 1800 375 1890 dicam,
413 1799 574 1894 mysteriis
609 1798 674 1887 vix,
709 1808 741 1867 et
774 1821 815 1866 ne
849 1798 900 1868 vix
934 1799 1065 1893 quidem
1101 1800 1263 1870 initiatum
1291 1823 1377 1892 esse,

252 1951 349 1998 nemo
377 1927 493 1997 melius
521 1949 574 1996 me
596 1925 671 2020 ipso
699 1925 864 2021 percipere
884 1935 1000 2021 potest.
1045 1926 1242 1998 Audendum
1262 1936 1375 1998 tamen

251 2055 338 2145 duxi,
364 2054 482 2125 auxilio
510 2054 705 2141 amicorum,
730 2077 782 2122 me
801 2052 996 2144 doctiorum,
1015 2054 1169 2145 conlisus,
1187 2055 1273 2125 inter
1291 2079 1377 2150 quos

251 2207 327 2278 prae
347 2182 481 2252 caeteris
510 2180 748 2269 doctissimum,
777 2180 1184 2275 mihiqueamicissimum
1213 2182 1376 2276 collegam

252 2307 434 2382 Enumuun
461 2307 669 2378 Euuurausuu
697 2316 809 2400 gratus
839 2307 984 2377 nomino.
1028 2307 1144 2403 Magno
1173 2311 1268 2379 etiam
1298 2310 1379 2381 sub·

252 2436 334 2507 sidio
363 2436 442 2506 mihi
470 2435 530 2505 luit
555 2435 692 2504 versio
711 2432 866 2524 Ficini,
895 2435 960 2529 qui,
988 2435 1062 2505 licet
1088 2436 1157 2530 ipse
1176 2434 1378 2528 Platonicus,

252 2563 491 2659 philosophiam
520 2560 969 2632 Aristotelico-scholasticam
999 2562 1120 2658 optime
1148 2562 1293 2634 callebat.

328 2691 440 2786 Neque
481 2689 621 2760 sontes
660 2687 875 2783 negligendos
910 2713 980 2760 esse
1014 2690 1138 2785 putavi,
1184 2714 1222 2760 ex
1255 2691 1378 2786 quibus

251 2828 365 2889 noster
399 2817 520 2906 hausit,
553 2816 637 2886 inter
672 2840 754 2912 quos
782 2816 1039 2889 Aristoteles
1067 2817 1209 2912 primum
1249 2817 1380 2889 obtinet

251 2945 372 3016 locum.
419 2942 580 3014 Graecum
600 2943 772 3037 stagiritae
799 2954 922 3015 textum
952 2944 1089 3015 Dantem
1119 2968 1183 3014 nou
1214 2944 1379 3036 habuisse,

253 3096 375 3168 neque,
398 3071 423 3141 si
453 3069 636 3160 habuisset,
665 3070 845 3163 intelligere
875 3071 1028 3165 potuisse,
1056 3072 1150 3142 hodie
1178 3072 1246 3141 lere
1275 3088 1377 3143 nenio

253 3198 386 3270 dubitat.
432 3199 505 3269 Non
534 3207 606 3292 apte
633 3195 734 3290 igitur
759 3221 874 3294 passus
902 3209 1047 3270 anostro
1076 3200 1221 3270 laudatos
1248 3201 1377 3293 graecis

252 3325 358 3397 verbis
385 3325 576 3396 attulissem.
618 3323 730 3418 Neque
757 3327 879 3396 rectius
906 3339 1053 3420 egerunt,
1081 3327 1287 3422 caeteroquin
1319 3351 1377 3423 op-

227 3472 231 3477 “
252 3453 331 3524 time
352 3453 468 3543 meriti,
487 3450 745 3522 Mediolanenses
765 3450 909 3523 Convivii
936 3453 1077 3525 editores
1096 3450 1234 3552 (182653
1252 3477 1375 3550 appen-

253 3580 334 3651 dicis
368 3581 438 3650 loco
467 3603 548 3675 quae
576 3577 696 3648 Dantes
724 3603 762 3650 ex
789 3580 962 3652 Aristotele
989 3583 1156 3671 citaverat,
1189 3581 1374 3653 secundum

252 3707 420 3779 versiones
447 3705 567 3777 saeculi
594 3705 711 3775 decimi
739 3709 842 3803 quinti
870 3718 902 3778 et
928 3708 1047 3779 decimi
1074 3708 1173 3800 sexti,
1207 3719 1242 3779 ut
1268 3708 1376 3780 Theo·

252 3834 325 3906 dori
361 3832 481 3923 Gazae,
514 3833 681 3904 Francisei
716 3833 855 3925 Vatabli,
889 3833 1020 3930 Georgii
1056 3836 1179 3927 Vallae,
1214 3835 1375 3907 iohannis

254 3961 450 4055 Argyropuli
478 3960 547 4032 rell.
576 3961 782 4048 exhibentes;
818 3964 1038 4033 certissimum
1067 3964 1248 4054 euim'est,
1275 3964 1374 4035 etiam

255 4088 304 4158 his
339 4086 480 4158 vestibus
515 4088 666 4160 indutum
701 4090 907 4160 Aristotelem
946 4089 1041 4160 Danti
1077 4092 1176 4161 luisse
1211 4091 1374 4185 ignotum.

255 4214 304 4285 Ad
323 4239 377 4286 eas
396 4213 495 4309 igitur
514 4216 680 4288 versiones
707 4227 774 4286 erat
791 4216 1040 4307 recurrendum,
1066 4217 1099 4287 in
1128 4218 1246 4313 quibus
1274 4244 1375 4315 opera
