<?xml version="1.0" encoding="UTF-8"?>
<!DOCTYPE html PUBLIC "-//W3C//DTD XHTML 1.0 Transitional//EN"
    "http://www.w3.org/TR/xhtml1/DTD/xhtml1-transitional.dtd">
<html xmlns="http://www.w3.org/1999/xhtml" xml:lang="en" lang="en">
 <head>
  <title>
</title>
<meta http-equiv="Content-Type" content="text/html;charset=utf-8" />
  <meta name='ocr-system' content='tesseract 3.04.00' />
  <meta name='ocr-capabilities' content='ocr_page ocr_carea ocr_par ocr_line ocrx_word'/>
</head>
<body>
  <div class='ocr_page' id='page_1' title='image "./dantisalligheri02wittgoog_0066.png"; bbox 0 0 2896 4876; ppageno 0'>
   <div class='ocr_carea' id='block_1_1' title="bbox 516 296 1219 354">
    <p class='ocr_par' dir='ltr' id='par_1_1' title="bbox 516 296 1219 354">
     <span class='ocr_line' id='line_1_1' title="bbox 516 296 1219 354; baseline 0 -2"><span class='ocrx_word' id='word_1_1' title='bbox 516 296 799 354; x_wconf 77' lang='lat' dir='ltr'><strong>PROLEGOMENA.</strong></span> <span class='ocrx_word' id='word_1_2' title='bbox 1168 299 1219 352; x_wconf 86' lang='lat' dir='ltr'>LV</span> 
     </span>
    </p>
   </div>
   <div class='ocr_carea' id='block_1_2' title="bbox 94 473 1281 1714">
    <p class='ocr_par' dir='ltr' id='par_1_2' title="bbox 94 473 1281 1714">
     <span class='ocr_line' id='line_1_2' title="bbox 142 473 1218 571; baseline -0.001 -27"><span class='ocrx_word' id='word_1_3' title='bbox 142 473 261 571; x_wconf 82' lang='lat' dir='ltr'>clusus,</span> <span class='ocrx_word' id='word_1_4' title='bbox 294 475 337 544; x_wconf 90' lang='lat' dir='ltr'>ita</span> <span class='ocrx_word' id='word_1_5' title='bbox 372 473 483 545; x_wconf 88' lang='lat' dir='ltr'>dividit</span> <span class='ocrx_word' id='word_1_6' title='bbox 516 476 616 567; x_wconf 83' lang='lat' dir='ltr'>gratio</span> <span class='ocrx_word' id='word_1_7' title='bbox 652 497 798 564; x_wconf 86' lang='lat' dir='ltr'>munera,</span> <span class='ocrx_word' id='word_1_8' title='bbox 832 482 867 543; x_wconf 93' lang='lat' dir='ltr'>ut</span> <span class='ocrx_word' id='word_1_9' title='bbox 900 484 1008 545; x_wconf 89' lang='lat' dir='ltr'>mutos</span> <span class='ocrx_word' id='word_1_10' title='bbox 1045 473 1218 568; x_wconf 87' lang='lat' dir='ltr'>aliquando</span> 
     </span>
     <span class='ocr_line' id='line_1_3' title="bbox 150 600 437 694; baseline -0.003 -24"><span class='ocrx_word' id='word_1_11' title='bbox 150 600 244 671; x_wconf 84' lang='lat' dir='ltr'>faciat</span> <span class='ocrx_word' id='word_1_12' title='bbox 272 600 395 694; x_wconf 87' lang='lat' dir='ltr'>loqui.“</span> <span class='ocrx_word' id='word_1_13' title='bbox 428 663 437 677; x_wconf 86' lang='grc'><strong><em>,</em></strong></span> 
     </span>
     <span class='ocr_line' id='line_1_4' title="bbox 200 725 1281 822; baseline 0.003 -26"><span class='ocrx_word' id='word_1_14' title='bbox 200 727 234 797; x_wconf 92' lang='lat' dir='ltr'>ln</span> <span class='ocrx_word' id='word_1_15' title='bbox 272 728 357 797; x_wconf 93' lang='lat' dir='ltr'>idem</span> <span class='ocrx_word' id='word_1_16' title='bbox 394 737 521 822; x_wconf 91' lang='lat' dir='ltr'>tempus</span> <span class='ocrx_word' id='word_1_17' title='bbox 554 725 771 796; x_wconf 80' lang='lat' dir='ltr'>versiones</span> <span class='ocrx_word' id='word_1_18' title='bbox 805 729 844 797; x_wconf 93' lang='lat' dir='ltr'>in</span> <span class='ocrx_word' id='word_1_19' title='bbox 883 727 1065 821; x_wconf 82' lang='lat' dir='ltr'>linguam</span> <span class='ocrx_word' id='word_1_20' title='bbox 1108 729 1222 799; x_wconf 89' lang='lat' dir='ltr'>itali·</span> <span class='ocrx_word' id='word_1_21' title='bbox 1272 758 1281 772; x_wconf 74' lang='grc'><em>’</em></span> 
     </span>
     <span class='ocr_line' id='line_1_5' title="bbox 103 853 1221 952; baseline 0.003 -28"><span class='ocrx_word' id='word_1_22' title='bbox 103 879 198 946; x_wconf 89' lang='lat' dir='ltr'>carn,</span> <span class='ocrx_word' id='word_1_23' title='bbox 239 864 322 944; x_wconf 81' lang='lat' dir='ltr'>tani,</span> <span class='ocrx_word' id='word_1_24' title='bbox 363 856 389 925; x_wconf 91' lang='lat' dir='ltr'>si</span> <span class='ocrx_word' id='word_1_25' title='bbox 432 854 610 950; x_wconf 78' lang='lat' dir='ltr'>specimina</span> <span class='ocrx_word' id='word_1_26' title='bbox 643 878 659 923; x_wconf 91' lang='lat' dir='ltr'>a</span> <span class='ocrx_word' id='word_1_27' title='bbox 695 853 811 925; x_wconf 86' lang='lat' dir='ltr'>Turric</span> <span class='ocrx_word' id='word_1_28' title='bbox 853 856 1012 951; x_wconf 88' lang='lat' dir='ltr'>publicata</span> <span class='ocrx_word' id='word_1_29' title='bbox 1045 857 1221 952; x_wconf 73' lang='lat' dir='ltr'>exceperis</span> 
     </span>
     <span class='ocr_line' id='line_1_6' title="bbox 102 981 1221 1076; baseline 0.002 -24"><span class='ocrx_word' id='word_1_30' title='bbox 102 982 263 1072; x_wconf 88' lang='lat' dir='ltr'>ineditam,</span> <span class='ocrx_word' id='word_1_31' title='bbox 278 982 317 1052; x_wconf 90' lang='lat' dir='ltr'>ab</span> <span class='ocrx_word' id='word_1_32' title='bbox 336 1005 501 1075; x_wconf 77' lang='lat' dir='ltr'>anonymo</span> <span class='ocrx_word' id='word_1_33' title='bbox 520 981 647 1072; x_wconf 85' lang='lat' dir='ltr'>laetam,</span> <span class='ocrx_word' id='word_1_34' title='bbox 659 1005 755 1076; x_wconf 87' lang='lat' dir='ltr'>quam</span> <span class='ocrx_word' id='word_1_35' title='bbox 772 981 1049 1074; x_wconf 74' lang='lat' dir='ltr'>llicinianam,</span> <span class='ocrx_word' id='word_1_36' title='bbox 1066 983 1221 1076; x_wconf 76' lang='lat' dir='ltr'>incidere,</span> 
     </span>
     <span class='ocr_line' id='line_1_7' title="bbox 99 1104 1221 1206; baseline -0.001 -25"><span class='ocrx_word' id='word_1_37' title='bbox 99 1106 161 1202; x_wconf 86' lang='lat' dir='ltr'>jam</span> <span class='ocrx_word' id='word_1_38' title='bbox 197 1134 293 1205; x_wconf 91' lang='lat' dir='ltr'>supra</span> <span class='ocrx_word' id='word_1_39' title='bbox 330 1112 373 1205; x_wconf 84' lang='lat' dir='ltr'>(p.</span> <span class='ocrx_word' id='word_1_40' title='bbox 401 1107 476 1198; x_wconf 87' lang='lat' dir='ltr'>XX,</span> <span class='ocrx_word' id='word_1_41' title='bbox 501 1104 585 1206; x_wconf 88' lang='lat' dir='ltr'>XXl)</span> <span class='ocrx_word' id='word_1_42' title='bbox 620 1109 821 1180; x_wconf 91' lang='lat' dir='ltr'>monuimus.</span> <span class='ocrx_word' id='word_1_43' title='bbox 874 1109 960 1180; x_wconf 85' lang='lat' dir='ltr'>Haec</span> <span class='ocrx_word' id='word_1_44' title='bbox 995 1134 1075 1180; x_wconf 85' lang='lat' dir='ltr'>nova</span> <span class='ocrx_word' id='word_1_45' title='bbox 1105 1110 1221 1200; x_wconf 87' lang='lat' dir='ltr'>studia,</span> 
     </span>
     <span class='ocr_line' id='line_1_8' title="bbox 101 1235 1222 1327; baseline 0 -20"><span class='ocrx_word' id='word_1_46' title='bbox 101 1238 130 1307; x_wconf 89' lang='lat' dir='ltr'>in</span> <span class='ocrx_word' id='word_1_47' title='bbox 160 1237 275 1308; x_wconf 80' lang='lat' dir='ltr'>Dentis</span> <span class='ocrx_word' id='word_1_48' title='bbox 302 1235 522 1307; x_wconf 78' lang='lat' dir='ltr'>Monarchiani</span> <span class='ocrx_word' id='word_1_49' title='bbox 560 1260 731 1327; x_wconf 87' lang='lat' dir='ltr'>conversa,</span> <span class='ocrx_word' id='word_1_50' title='bbox 767 1261 830 1308; x_wconf 95' lang='lat' dir='ltr'>non</span> <span class='ocrx_word' id='word_1_51' title='bbox 858 1246 951 1308; x_wconf 88' lang='lat' dir='ltr'>erant</span> <span class='ocrx_word' id='word_1_52' title='bbox 976 1236 1079 1308; x_wconf 91' lang='lat' dir='ltr'>aliena</span> <span class='ocrx_word' id='word_1_53' title='bbox 1106 1236 1145 1307; x_wconf 89' lang='lat' dir='ltr'>ab</span> <span class='ocrx_word' id='word_1_54' title='bbox 1173 1238 1222 1307; x_wconf 95' lang='lat' dir='ltr'>in·</span> 
     </span>
     <span class='ocr_line' id='line_1_9' title="bbox 100 1360 1219 1459; baseline -0.004 -23"><span class='ocrx_word' id='word_1_55' title='bbox 100 1365 170 1436; x_wconf 88' lang='lat' dir='ltr'>dole</span> <span class='ocrx_word' id='word_1_56' title='bbox 205 1364 333 1435; x_wconf 80' lang='lat' dir='ltr'>Aeneae</span> <span class='ocrx_word' id='word_1_57' title='bbox 367 1363 482 1458; x_wconf 77' lang='lat' dir='ltr'>Sylvii,</span> <span class='ocrx_word' id='word_1_58' title='bbox 523 1360 592 1456; x_wconf 88' lang='lat' dir='ltr'>ejus</span> <span class='ocrx_word' id='word_1_59' title='bbox 632 1363 796 1459; x_wconf 81' lang='lat' dir='ltr'>temporis</span> <span class='ocrx_word' id='word_1_60' title='bbox 829 1362 889 1435; x_wconf 91' lang='lat' dir='ltr'>sub</span> <span class='ocrx_word' id='word_1_61' title='bbox 925 1364 1059 1434; x_wconf 90' lang='lat' dir='ltr'>nomine</span> <span class='ocrx_word' id='word_1_62' title='bbox 1083 1360 1145 1435; x_wconf 80' lang='lat' dir='ltr'>&#39;Pii</span> <span class='ocrx_word' id='word_1_63' title='bbox 1180 1363 1219 1433; x_wconf 90' lang='lat' dir='ltr'>ll.</span> 
     </span>
     <span class='ocr_line' id='line_1_10' title="bbox 98 1488 1219 1586; baseline -0.002 -24"><span class='ocrx_word' id='word_1_64' title='bbox 98 1493 220 1564; x_wconf 88' lang='lat' dir='ltr'>summi</span> <span class='ocrx_word' id='word_1_65' title='bbox 259 1490 444 1581; x_wconf 85' lang='lat' dir='ltr'>Pontificis,</span> <span class='ocrx_word' id='word_1_66' title='bbox 477 1489 531 1586; x_wconf 89' lang='lat' dir='ltr'>qui</span> <span class='ocrx_word' id='word_1_67' title='bbox 558 1488 660 1586; x_wconf 86' lang='lat' dir='ltr'>Papae</span> <span class='ocrx_word' id='word_1_68' title='bbox 695 1501 726 1560; x_wconf 92' lang='lat' dir='ltr'>ct</span> <span class='ocrx_word' id='word_1_69' title='bbox 758 1490 965 1586; x_wconf 88' lang='lat' dir='ltr'>lmperatoris</span> <span class='ocrx_word' id='word_1_70' title='bbox 998 1491 1219 1563; x_wconf 85' lang='lat' dir='ltr'>auctoritatem</span> 
     </span>
     <span class='ocr_line' id='line_1_11' title="bbox 94 1617 1221 1714; baseline -0.003 -24"><span class='ocrx_word' id='word_1_71' title='bbox 94 1645 133 1691; x_wconf 90' lang='lat' dir='ltr'>co</span> <span class='ocrx_word' id='word_1_72' title='bbox 163 1621 231 1690; x_wconf 84' lang='lat' dir='ltr'>sere</span> <span class='ocrx_word' id='word_1_73' title='bbox 261 1619 375 1710; x_wconf 91' lang='lat' dir='ltr'>modo,</span> <span class='ocrx_word' id='word_1_74' title='bbox 408 1642 505 1714; x_wconf 86' lang='lat' dir='ltr'>quem</span> <span class='ocrx_word' id='word_1_75' title='bbox 533 1626 645 1689; x_wconf 89' lang='lat' dir='ltr'>auctor</span> <span class='ocrx_word' id='word_1_76' title='bbox 671 1627 783 1688; x_wconf 91' lang='lat' dir='ltr'>noster</span> <span class='ocrx_word' id='word_1_77' title='bbox 817 1617 877 1688; x_wconf 91' lang='lat' dir='ltr'>suh</span> <span class='ocrx_word' id='word_1_78' title='bbox 904 1618 1004 1690; x_wconf 85' lang='lat' dir='ltr'>tinem</span> <span class='ocrx_word' id='word_1_79' title='bbox 1037 1618 1110 1690; x_wconf 91' lang='lat' dir='ltr'>libri</span> <span class='ocrx_word' id='word_1_80' title='bbox 1139 1618 1221 1689; x_wconf 90' lang='lat' dir='ltr'>tertii</span> 
     </span>
    </p>
   </div>
   <div class='ocr_carea' id='block_1_3' title="bbox 93 1745 1223 1968">
    <p class='ocr_par' dir='ltr' id='par_1_3' title="bbox 93 1745 1223 1968">
     <span class='ocr_line' id='line_1_12' title="bbox 93 1745 924 1842; baseline -0.001 -28"><span class='ocrx_word' id='word_1_81' title='bbox 93 1745 261 1839; x_wconf 89' lang='lat' dir='ltr'>indicavit,</span> <span class='ocrx_word' id='word_1_82' title='bbox 288 1745 470 1835; x_wconf 89' lang='lat' dir='ltr'>conciliare,</span> <span class='ocrx_word' id='word_1_83' title='bbox 497 1745 552 1817; x_wconf 89' lang='lat' dir='ltr'>diu</span> <span class='ocrx_word' id='word_1_84' title='bbox 579 1745 755 1817; x_wconf 76' lang='lat' dir='ltr'>studuerat.</span> <span class='ocrx_word' id='word_1_85' title='bbox 922 1838 924 1842; x_wconf 23' lang='grc' dir='ltr'>Ι</span> 
     </span>
     <span class='ocr_line' id='line_1_13' title="bbox 200 1871 1223 1968; baseline -0.001 -24"><span class='ocrx_word' id='word_1_86' title='bbox 200 1872 303 1968; x_wconf 83' lang='lat' dir='ltr'>lllagis</span> <span class='ocrx_word' id='word_1_87' title='bbox 330 1872 426 1942; x_wconf 90' lang='lat' dir='ltr'>etiam</span> <span class='ocrx_word' id='word_1_88' title='bbox 459 1881 612 1963; x_wconf 87' lang='lat' dir='ltr'>aetatem,</span> <span class='ocrx_word' id='word_1_89' title='bbox 646 1896 708 1967; x_wconf 91' lang='lat' dir='ltr'>qua</span> <span class='ocrx_word' id='word_1_90' title='bbox 741 1871 847 1941; x_wconf 87' lang='lat' dir='ltr'>lucem</span> <span class='ocrx_word' id='word_1_91' title='bbox 875 1871 1042 1962; x_wconf 89' lang='lat' dir='ltr'>viderunt,</span> <span class='ocrx_word' id='word_1_92' title='bbox 1075 1872 1223 1944; x_wconf 83' lang='lat' dir='ltr'>redolent</span> 
     </span>
    </p>
   </div>
   <div class='ocr_carea' id='block_1_4' title="bbox 87 1999 1224 3490">
    <p class='ocr_par' dir='ltr' id='par_1_4' title="bbox 87 1999 1224 3490">
     <span class='ocr_line' id='line_1_14' title="bbox 88 1999 1220 2097; baseline -0.003 -24"><span class='ocrx_word' id='word_1_93' title='bbox 88 2002 224 2097; x_wconf 77' lang='lat' dir='ltr'>primae</span> <span class='ocrx_word' id='word_1_94' title='bbox 251 2000 457 2071; x_wconf 87' lang='lat' dir='ltr'>Monarchiae</span> <span class='ocrx_word' id='word_1_95' title='bbox 483 2000 805 2095; x_wconf 87' lang='lat' dir='ltr'>impressiones,</span> <span class='ocrx_word' id='word_1_96' title='bbox 839 2022 976 2094; x_wconf 91' lang='lat' dir='ltr'>quarum</span> <span class='ocrx_word' id='word_1_97' title='bbox 1004 1999 1113 2090; x_wconf 87' lang='lat' dir='ltr'>altera,</span> <span class='ocrx_word' id='word_1_98' title='bbox 1139 2024 1220 2096; x_wconf 90' lang='lat' dir='ltr'>opus</span> 
     </span>
     <span class='ocr_line' id='line_1_15' title="bbox 87 2126 1221 2220; baseline -0.004 -20"><span class='ocrx_word' id='word_1_99' title='bbox 87 2138 249 2200; x_wconf 89' lang='lat' dir='ltr'>nostrum</span> <span class='ocrx_word' id='word_1_100' title='bbox 295 2130 333 2198; x_wconf 92' lang='lat' dir='ltr'>in</span> <span class='ocrx_word' id='word_1_101' title='bbox 379 2126 562 2220; x_wconf 83' lang='lat' dir='ltr'>linguam</span> <span class='ocrx_word' id='word_1_102' title='bbox 607 2127 892 2220; x_wconf 86' lang='lat' dir='ltr'>germanicam</span> <span class='ocrx_word' id='word_1_103' title='bbox 938 2149 1133 2197; x_wconf 86' lang='lat' dir='ltr'>conversum</span> <span class='ocrx_word' id='word_1_104' title='bbox 1170 2151 1221 2196; x_wconf 84' lang='lat' dir='ltr'>ex·</span> 
     </span>
     <span class='ocr_line' id='line_1_16' title="bbox 87 2251 1224 2350; baseline -0.002 -26"><span class='ocrx_word' id='word_1_105' title='bbox 87 2253 232 2346; x_wconf 75' lang='lat' dir='ltr'>hibern,</span> <span class='ocrx_word' id='word_1_106' title='bbox 258 2256 390 2325; x_wconf 85' lang='lat' dir='ltr'>alteram</span> <span class='ocrx_word' id='word_1_107' title='bbox 420 2253 526 2350; x_wconf 87' lang='lat' dir='ltr'>operis</span> <span class='ocrx_word' id='word_1_108' title='bbox 553 2253 672 2349; x_wconf 91' lang='lat' dir='ltr'>ipsius,</span> <span class='ocrx_word' id='word_1_109' title='bbox 699 2252 795 2324; x_wconf 90' lang='lat' dir='ltr'>latine</span> <span class='ocrx_word' id='word_1_110' title='bbox 824 2253 951 2348; x_wconf 92' lang='lat' dir='ltr'>scripti,</span> <span class='ocrx_word' id='word_1_111' title='bbox 984 2251 1105 2348; x_wconf 90' lang='lat' dir='ltr'>aliquot</span> <span class='ocrx_word' id='word_1_112' title='bbox 1132 2276 1224 2334; x_wconf 86' lang='lat' dir='ltr'>men·</span> 
     </span>
     <span class='ocr_line' id='line_1_17' title="bbox 88 2378 1222 2476; baseline -0.003 -22"><span class='ocrx_word' id='word_1_113' title='bbox 88 2383 191 2454; x_wconf 87' lang='lat' dir='ltr'>sibus</span> <span class='ocrx_word' id='word_1_114' title='bbox 235 2381 404 2453; x_wconf 90' lang='lat' dir='ltr'>antecedit.</span> <span class='ocrx_word' id='word_1_115' title='bbox 472 2380 646 2476; x_wconf 85' lang='lat' dir='ltr'>Postquam</span> <span class='ocrx_word' id='word_1_116' title='bbox 688 2380 774 2450; x_wconf 89' lang='lat' dir='ltr'>enim</span> <span class='ocrx_word' id='word_1_117' title='bbox 817 2378 952 2450; x_wconf 86' lang='lat' dir='ltr'>Carolus</span> <span class='ocrx_word' id='word_1_118' title='bbox 985 2379 1022 2448; x_wconf 90' lang='lat' dir='ltr'>V.</span> <span class='ocrx_word' id='word_1_119' title='bbox 1063 2380 1222 2475; x_wconf 88' lang='lat' dir='ltr'>imperiali</span> 
     </span>
     <span class='ocr_line' id='line_1_18' title="bbox 90 2505 1221 2602; baseline -0.002 -22"><span class='ocrx_word' id='word_1_120' title='bbox 90 2533 223 2602; x_wconf 84' lang='lat' dir='ltr'>corona</span> <span class='ocrx_word' id='word_1_121' title='bbox 259 2534 293 2580; x_wconf 92' lang='lat' dir='ltr'>se</span> <span class='ocrx_word' id='word_1_122' title='bbox 327 2507 542 2598; x_wconf 88' lang='lat' dir='ltr'>abdicaverat,</span> <span class='ocrx_word' id='word_1_123' title='bbox 584 2506 813 2601; x_wconf 86' lang='lat' dir='ltr'>Electoresque</span> <span class='ocrx_word' id='word_1_124' title='bbox 850 2507 892 2596; x_wconf 83' lang='lat' dir='ltr'>(d.</span> <span class='ocrx_word' id='word_1_125' title='bbox 929 2505 962 2576; x_wconf 89' lang='grc'>8.</span> <span class='ocrx_word' id='word_1_126' title='bbox 990 2505 1081 2576; x_wconf 84' lang='lat' dir='ltr'>lllart.</span> <span class='ocrx_word' id='word_1_127' title='bbox 1115 2506 1221 2599; x_wconf 78' lang='lat'>1558)</span> 
     </span>
     <span class='ocr_line' id='line_1_19' title="bbox 92 2621 1224 2727; baseline -0.003 -20"><span class='ocrx_word' id='word_1_128' title='bbox 92 2621 252 2727; x_wconf 76' lang='lat' dir='ltr'>fratrem,</span> <span class='ocrx_word' id='word_1_129' title='bbox 295 2636 543 2707; x_wconf 66' lang='lat' dir='ltr'>&#39;Ferdinandum</span> <span class='ocrx_word' id='word_1_130' title='bbox 588 2633 611 2703; x_wconf 95' lang='lat' dir='ltr'>l.</span> <span class='ocrx_word' id='word_1_131' title='bbox 661 2635 693 2705; x_wconf 92' lang='lat' dir='ltr'>in</span> <span class='ocrx_word' id='word_1_132' title='bbox 743 2630 812 2725; x_wconf 88' lang='lat' dir='ltr'>ejus</span> <span class='ocrx_word' id='word_1_133' title='bbox 864 2633 972 2703; x_wconf 88' lang='lat' dir='ltr'>locum</span> <span class='ocrx_word' id='word_1_134' title='bbox 1021 2633 1224 2724; x_wconf 79' lang='lat' dir='ltr'>suffecerant,</span> 
     </span>
     <span class='ocr_line' id='line_1_20' title="bbox 93 2756 1223 2860; baseline -0.002 -26"><span class='ocrx_word' id='word_1_135' title='bbox 93 2761 221 2835; x_wconf 87' lang='lat' dir='ltr'>Paulus</span> <span class='ocrx_word' id='word_1_136' title='bbox 248 2761 298 2831; x_wconf 85' lang='lat' dir='ltr'>lV.</span> <span class='ocrx_word' id='word_1_137' title='bbox 333 2756 484 2860; x_wconf 73' lang='lat' dir='ltr'>(Caralis)</span> <span class='ocrx_word' id='word_1_138' title='bbox 517 2761 688 2832; x_wconf 90' lang='lat' dir='ltr'>levissimis</span> <span class='ocrx_word' id='word_1_139' title='bbox 722 2760 940 2857; x_wconf 82' lang='lat' dir='ltr'>praetextibus</span> <span class='ocrx_word' id='word_1_140' title='bbox 974 2760 1123 2851; x_wconf 87' lang='lat' dir='ltr'>innixus,</span> <span class='ocrx_word' id='word_1_141' title='bbox 1163 2762 1223 2833; x_wconf 92' lang='lat' dir='ltr'>im·</span> 
     </span>
     <span class='ocr_line' id='line_1_21' title="bbox 94 2886 1223 2984; baseline 0 -25"><span class='ocrx_word' id='word_1_142' title='bbox 94 2889 230 2984; x_wconf 90' lang='lat' dir='ltr'>perium</span> <span class='ocrx_word' id='word_1_143' title='bbox 265 2889 293 2958; x_wconf 84' lang='lat' dir='ltr'>ei</span> <span class='ocrx_word' id='word_1_144' title='bbox 324 2889 501 2959; x_wconf 87' lang='lat' dir='ltr'>detrectare</span> <span class='ocrx_word' id='word_1_145' title='bbox 536 2887 721 2959; x_wconf 89' lang='lat' dir='ltr'>conabatur.</span> <span class='ocrx_word' id='word_1_146' title='bbox 775 2886 862 2958; x_wconf 87' lang='lat' dir='ltr'>Haec</span> <span class='ocrx_word' id='word_1_147' title='bbox 888 2911 962 2958; x_wconf 89' lang='lat' dir='ltr'>vero</span> <span class='ocrx_word' id='word_1_148' title='bbox 990 2887 1075 2958; x_wconf 91' lang='lat' dir='ltr'>inter</span> <span class='ocrx_word' id='word_1_149' title='bbox 1102 2899 1223 2959; x_wconf 90' lang='lat' dir='ltr'>utram·</span> 
     </span>
     <span class='ocr_line' id='line_1_22' title="bbox 97 3013 1221 3111; baseline 0.001 -25"><span class='ocrx_word' id='word_1_150' title='bbox 97 3038 163 3111; x_wconf 86' lang='lat' dir='ltr'>que</span> <span class='ocrx_word' id='word_1_151' title='bbox 215 3025 404 3111; x_wconf 89' lang='lat' dir='ltr'>potestatem</span> <span class='ocrx_word' id='word_1_152' title='bbox 459 3014 592 3086; x_wconf 93' lang='lat' dir='ltr'>discidia</span> <span class='ocrx_word' id='word_1_153' title='bbox 652 3013 781 3084; x_wconf 87' lang='lat' dir='ltr'>disertis</span> <span class='ocrx_word' id='word_1_154' title='bbox 836 3013 943 3086; x_wconf 83' lang='lat' dir='ltr'>verbis</span> <span class='ocrx_word' id='word_1_155' title='bbox 993 3016 1221 3111; x_wconf 90' lang='lat' dir='ltr'>respicientem</span> 
     </span>
     <span class='ocr_line' id='line_1_23' title="bbox 100 3139 1223 3238; baseline 0.004 -28"><span class='ocrx_word' id='word_1_156' title='bbox 100 3141 261 3213; x_wconf 86' lang='lat' dir='ltr'>habemus</span> <span class='ocrx_word' id='word_1_157' title='bbox 311 3143 543 3238; x_wconf 86' lang='lat' dir='ltr'>praelationem</span> <span class='ocrx_word' id='word_1_158' title='bbox 596 3139 717 3212; x_wconf 78' lang='lat' dir='ltr'>Bisnn</span> <span class='ocrx_word' id='word_1_159' title='bbox 761 3140 918 3214; x_wconf 79' lang='lat' dir='ltr'>Jounums</span> <span class='ocrx_word' id='word_1_160' title='bbox 963 3141 1108 3214; x_wconf 77' lang='lat' dir='ltr'>llnaorm</span> <span class='ocrx_word' id='word_1_161' title='bbox 1161 3143 1223 3214; x_wconf 90' lang='lat' dir='ltr'>diei</span> 
     </span>
     <span class='ocr_line' id='line_1_24' title="bbox 108 3246 1221 3364; baseline 0.004 -28"><span class='ocrx_word' id='word_1_162' title='bbox 108 3269 139 3336; x_wconf 88' lang='lat'>1.</span> <span class='ocrx_word' id='word_1_163' title='bbox 167 3267 351 3364; x_wconf 88' lang='lat' dir='ltr'>Septembr.</span> <span class='ocrx_word' id='word_1_164' title='bbox 383 3269 489 3360; x_wconf 79' lang='lat'>1559,</span> <span class='ocrx_word' id='word_1_165' title='bbox 523 3270 561 3340; x_wconf 91' lang='lat' dir='ltr'>ad</span> <span class='ocrx_word' id='word_1_166' title='bbox 596 3246 762 3339; x_wconf 84' lang='lat' dir='ltr'>Electores</span> <span class='ocrx_word' id='word_1_167' title='bbox 789 3267 989 3360; x_wconf 85' lang='lat' dir='ltr'>Palatinum,</span> <span class='ocrx_word' id='word_1_168' title='bbox 1025 3269 1221 3341; x_wconf 83' lang='lat' dir='ltr'>Saxonicum</span> 
     </span>
     <span class='ocr_line' id='line_1_25' title="bbox 106 3394 869 3490; baseline 0.007 -28"><span class='ocrx_word' id='word_1_169' title='bbox 106 3403 137 3463; x_wconf 91' lang='lat' dir='ltr'>et</span> <span class='ocrx_word' id='word_1_170' title='bbox 155 3394 505 3490; x_wconf 85' lang='lat' dir='ltr'>Brandenbnrgcnsem</span> <span class='ocrx_word' id='word_1_171' title='bbox 535 3397 702 3488; x_wconf 85' lang='lat' dir='ltr'>directam,</span> <span class='ocrx_word' id='word_1_172' title='bbox 728 3397 783 3467; x_wconf 89' lang='lat' dir='ltr'>ubi</span> <span class='ocrx_word' id='word_1_173' title='bbox 811 3397 869 3468; x_wconf 89' lang='lat' dir='ltr'>ita:</span> 
     </span>
    </p>
   </div>
   <div class='ocr_carea' id='block_1_5' title="bbox 247 3519 1356 3605">
    <p class='ocr_par' dir='ltr' id='par_1_5' title="bbox 168 3519 1356 3605">
     <span class='ocr_line' id='line_1_26' title="bbox 247 3519 1356 3605; baseline 0.001 -21.934"><span class='ocrx_word' id='word_1_174' title='bbox 247 3537 281 3601; x_wconf 66' lang='lat' dir='ltr'>aa</span> <span class='ocrx_word' id='word_1_175' title='bbox 307 3519 378 3600; x_wconf 71' lang='lat' dir='ltr'>bites</span> <span class='ocrx_word' id='word_1_176' title='bbox 400 3526 474 3603; x_wconf 68' lang='lat' dir='ltr'>aeut,</span> <span class='ocrx_word' id='word_1_177' title='bbox 501 3524 537 3586; x_wconf 79' lang='lat' dir='ltr'>bo</span> <span class='ocrx_word' id='word_1_178' title='bbox 565 3524 613 3587; x_wconf 80' lang='lat' dir='ltr'>ber</span> <span class='ocrx_word' id='word_1_179' title='bbox 641 3521 803 3605; x_wconf 73' lang='lat' dir='ltr'>emptgrittt</span> <span class='ocrx_word' id='word_1_180' title='bbox 831 3539 862 3603; x_wconf 75' lang='lat' dir='ltr'>gc</span> <span class='ocrx_word' id='word_1_181' title='bbox 890 3519 998 3602; x_wconf 70' lang='lat' dir='ltr'>ettae</span> <span class='ocrx_word' id='word_1_182' title='bbox 1020 3519 1098 3604; x_wconf 75' lang='lat' dir='ltr'>loten</span> <span class='ocrx_word' id='word_1_183' title='bbox 1121 3521 1224 3603; x_wconf 67' lang='lat' dir='ltr'>utrum</span> <span class='ocrx_word' id='word_1_184' title='bbox 1355 3526 1356 3531; x_wconf 77' lang='grc'>’</span> 
     </span>
    </p>
   </div>
   <div class='ocr_carea' id='block_1_6' title="bbox 167 3628 1260 4262">
    <p class='ocr_par' dir='ltr' id='par_1_6' title="bbox 167 3616 1260 4262">
     <span class='ocr_line' id='line_1_27' title="bbox 167 3628 1224 3734; baseline 0 -39"><span class='ocrx_word' id='word_1_185' title='bbox 167 3628 283 3710; x_wconf 73' lang='lat' dir='ltr'>titgetn</span> <span class='ocrx_word' id='word_1_186' title='bbox 306 3628 416 3713; x_wconf 72' lang='lat' dir='ltr'>dtettpc,</span> <span class='ocrx_word' id='word_1_187' title='bbox 445 3630 495 3713; x_wconf 64' lang='lat' dir='ltr'>tet)</span> <span class='ocrx_word' id='word_1_188' title='bbox 523 3638 570 3697; x_wconf 78' lang='lat' dir='ltr'>ter</span> <span class='ocrx_word' id='word_1_189' title='bbox 591 3631 771 3714; x_wconf 67' lang='lat' dir='ltr'>ffitpftttdpcu</span> <span class='ocrx_word' id='word_1_190' title='bbox 800 3630 1132 3715; x_wconf 58' lang='lat' dir='ltr'>septigentesimo</span> <span class='ocrx_word' id='word_1_191' title='bbox 1155 3631 1224 3734; x_wconf 62' lang='lat' dir='ltr'>ingl,</span> 
     </span>
     <span class='ocr_line' id='line_1_28' title="bbox 169 3735 1225 3825; baseline 0.001 -19"><span class='ocrx_word' id='word_1_192' title='bbox 169 3740 242 3821; x_wconf 76' lang='lat' dir='ltr'>teuit</span> <span class='ocrx_word' id='word_1_193' title='bbox 270 3735 422 3822; x_wconf 68' lang='lat' dir='ltr'>reculam</span> <span class='ocrx_word' id='word_1_194' title='bbox 450 3737 531 3821; x_wconf 72' lang='lat' dir='ltr'>itte,</span> <span class='ocrx_word' id='word_1_195' title='bbox 565 3744 621 3807; x_wconf 77' lang='lat' dir='ltr'>tac</span> <span class='ocrx_word' id='word_1_196' title='bbox 649 3742 694 3825; x_wconf 74' lang='lat' dir='ltr'>tue</span> <span class='ocrx_word' id='word_1_197' title='bbox 721 3760 753 3824; x_wconf 64' lang='lat' dir='ltr'>au</span> <span class='ocrx_word' id='word_1_198' title='bbox 782 3744 830 3807; x_wconf 78' lang='lat' dir='ltr'>tet</span> <span class='ocrx_word' id='word_1_199' title='bbox 859 3741 1048 3822; x_wconf 66' lang='lat' dir='ltr'>occultorum</span> <span class='ocrx_word' id='word_1_200' title='bbox 1077 3738 1225 3822; x_wconf 67' lang='lat' dir='ltr'>gettttidper</span> 
     </span>
     <span class='ocr_line' id='line_1_29' title="bbox 167 3847 1260 3933; baseline 0.005 -22"><span class='ocrx_word' id='word_1_201' title='bbox 167 3847 308 3932; x_wconf 70' lang='lat' dir='ltr'>senten,</span> <span class='ocrx_word' id='word_1_202' title='bbox 340 3856 430 3915; x_wconf 75' lang='lat' dir='ltr'>ettocc</span> <span class='ocrx_word' id='word_1_203' title='bbox 463 3850 616 3933; x_wconf 63' lang='lat' dir='ltr'>ascititium</span> <span class='ocrx_word' id='word_1_204' title='bbox 644 3851 676 3917; x_wconf 84' lang='lat' dir='ltr'>in</span> <span class='ocrx_word' id='word_1_205' title='bbox 704 3850 851 3933; x_wconf 73' lang='lat' dir='ltr'>uetttictpct</span> <span class='ocrx_word' id='word_1_206' title='bbox 878 3849 1053 3933; x_wconf 61' lang='lat' dir='ltr'>pectebant,</span> <span class='ocrx_word' id='word_1_207' title='bbox 1086 3850 1137 3933; x_wconf 73' lang='lat' dir='ltr'>bet)</span> <span class='ocrx_word' id='word_1_208' title='bbox 1166 3857 1224 3918; x_wconf 71' lang='lat' dir='ltr'>ond</span> <span class='ocrx_word' id='word_1_209' title='bbox 1258 3922 1260 3927; x_wconf 62' lang='grc'><strong>,</strong></span> 
     </span>
     <span class='ocr_line' id='line_1_30' title="bbox 168 3957 1224 4043; baseline 0.003 -18"><span class='ocrx_word' id='word_1_210' title='bbox 168 3958 318 4041; x_wconf 65' lang='lat' dir='ltr'>neutrum</span> <span class='ocrx_word' id='word_1_211' title='bbox 340 3959 370 4039; x_wconf 79' lang='lat' dir='ltr'>jc</span> <span class='ocrx_word' id='word_1_212' title='bbox 385 3958 446 4035; x_wconf 81' lang='lat' dir='ltr'>(mie</span> <span class='ocrx_word' id='word_1_213' title='bbox 470 3970 499 4024; x_wconf 80' lang='lat' dir='ltr'>cc</span> <span class='ocrx_word' id='word_1_214' title='bbox 522 3961 579 4026; x_wconf 82' lang='lat' dir='ltr'>uttt</span> <span class='ocrx_word' id='word_1_215' title='bbox 594 3978 631 4025; x_wconf 86' lang='lat' dir='ltr'>on</span> <span class='ocrx_word' id='word_1_216' title='bbox 653 3960 718 4043; x_wconf 71' lang='lat' dir='ltr'>[epa</span> <span class='ocrx_word' id='word_1_217' title='bbox 733 3957 847 4041; x_wconf 71' lang='lat' dir='ltr'>mtctte)</span> <span class='ocrx_word' id='word_1_218' title='bbox 862 3960 893 4026; x_wconf 84' lang='lat' dir='ltr'>tn</span> <span class='ocrx_word' id='word_1_219' title='bbox 916 3959 986 4024; x_wconf 76' lang='lat' dir='ltr'>atter</span> <span class='ocrx_word' id='word_1_220' title='bbox 1000 3961 1065 4027; x_wconf 81' lang='lat' dir='ltr'>toctt</span> <span class='ocrx_word' id='word_1_221' title='bbox 1080 3959 1224 4042; x_wconf 72' lang='lat' dir='ltr'>cuttiiitcn</span> 
     </span>
     <span class='ocr_line' id='line_1_31' title="bbox 167 4065 1225 4154; baseline 0.004 -20"><span class='ocrx_word' id='word_1_222' title='bbox 167 4065 286 4148; x_wconf 74' lang='lat' dir='ltr'>ultro,</span> <span class='ocrx_word' id='word_1_223' title='bbox 314 4076 371 4135; x_wconf 75' lang='lat' dir='ltr'>unt</span> <span class='ocrx_word' id='word_1_224' title='bbox 398 4069 425 4149; x_wconf 79' lang='lat' dir='ltr'>ir</span> <span class='ocrx_word' id='word_1_225' title='bbox 453 4069 605 4154; x_wconf 64' lang='lat' dir='ltr'>tfpetpttgtctt</span> <span class='ocrx_word' id='word_1_226' title='bbox 633 4070 696 4152; x_wconf 70' lang='lat' dir='ltr'>euti</span> <span class='ocrx_word' id='word_1_227' title='bbox 722 4072 761 4150; x_wconf 63' lang='lat' dir='ltr'>ta</span> <span class='ocrx_word' id='word_1_228' title='bbox 795 4071 879 4152; x_wconf 73' lang='lat' dir='ltr'>etgett</span> <span class='ocrx_word' id='word_1_229' title='bbox 908 4068 997 4152; x_wconf 70' lang='lat' dir='ltr'>tetta</span> <span class='ocrx_word' id='word_1_230' title='bbox 1019 4071 1142 4152; x_wconf 68' lang='lat' dir='ltr'>metten,</span> <span class='ocrx_word' id='word_1_231' title='bbox 1170 4074 1225 4139; x_wconf 78' lang='lat' dir='ltr'>tut</span> 
     </span>
     <span class='ocr_line' id='line_1_32' title="bbox 168 4177 1225 4262; baseline 0.003 -19"><span class='ocrx_word' id='word_1_232' title='bbox 168 4178 511 4262; x_wconf 58' lang='lat' dir='ltr'>accelerandorum,</span> <span class='ocrx_word' id='word_1_233' title='bbox 532 4182 581 4246; x_wconf 76' lang='lat' dir='ltr'>ber</span> <span class='ocrx_word' id='word_1_234' title='bbox 601 4177 716 4261; x_wconf 67' lang='lat' dir='ltr'>dictura</span> <span class='ocrx_word' id='word_1_235' title='bbox 738 4179 768 4260; x_wconf 79' lang='lat' dir='ltr'>to</span> <span class='ocrx_word' id='word_1_236' title='bbox 791 4186 868 4260; x_wconf 66' lang='lat' dir='ltr'>aaut</span> <span class='ocrx_word' id='word_1_237' title='bbox 890 4177 1033 4261; x_wconf 67' lang='lat' dir='ltr'>praelator</span> <span class='ocrx_word' id='word_1_238' title='bbox 1049 4179 1149 4260; x_wconf 59' lang='lat' dir='ltr'>&amp;une</span> <span class='ocrx_word' id='word_1_239' title='bbox 1171 4177 1225 4246; x_wconf 71' lang='lat' dir='ltr'>dl.</span> 
     </span>
    </p>
   </div>
   <div class='ocr_carea' id='block_1_7' title="bbox 0 0 1464 4876">
    <p class='ocr_par' dir='ltr' id='par_1_7' title="bbox 0 0 1464 4876">
     <span class='ocr_line' id='line_1_33' title="bbox 0 0 1464 4876; baseline 0 0"><span class='ocrx_word' id='word_1_240' title='bbox 0 0 1464 4876; x_wconf 95' lang='lat' dir='ltr'> </span> 
     </span>
    </p>
   </div>
  </div>
 </body>
</html>
