2902 4874
376 327 510 384 DANTIS
529 328 749 385 MONARCHIA
765 330 800 385 II.
813 347 843 386 c.
865 337 885 385 l.
1148 331 1189 393 39

34 499 218 567 rectionis
244 498 405 591 effundere
433 499 569 585 mavult)
598 501 642 566 ad
670 501 913 587 dirumpendum
943 504 1072 569 vincula
1101 505 1188 589 igno-

34 600 193 667 rantiae
216 601 338 684 Regum
360 605 457 684 atque
471 602 653 688 Principum
674 603 796 687 talium,
820 604 863 670 ad
882 605 1113 673 ostendendum
1135 626 1188 690 ge-

36 723 127 769 nus
143 704 317 769 humanum
331 703 465 770 liberum
481 723 501 768 a
519 703 599 788 jugo
620 705 771 791 ipsorum,
795 726 867 772 eum
881 707 1042 791 Propheta
1056 709 1187 775 sanctis·
1208 713 1240 764 30

32 806 149 872 simo
179 825 282 871 meme
311 806 557 887 subsequentem
585 805 750 891 hortabor,
779 808 1005 890 subsequentia
1033 810 1189 876 subadsu-

41 927 174 973 lnens:
197 905 474 992 ,‚Dirumpamus‚“
497 905 656 991 videlicet,
680 909 827 992 „vincula
846 929 963 994 eorum,
987 917 1019 978 ct
1040 911 1188 997 projicia-

39 1029 138 1073 1nus
163 1028 184 1072 a
205 1008 297 1074 nobis
315 1008 429 1092 jugum
450 1007 623 1094 ipsorum.“

154 1109 247 1175 Haec
269 1108 417 1192 equidem
446 1108 508 1176 duo
537 1108 614 1176 fient
641 1110 848 1196 sufficienter,
874 1110 902 1177 si
925 1112 1096 1177 secundam
1117 1133 1188 1197 par-

39 1218 134 1277 tem
155 1211 335 1297 praesentis
357 1211 512 1297 propositi
527 1219 737 1294 prosequutus
759 1214 857 1298 iuer0,
880 1219 911 1281 et
933 1213 1080 1279 instantis
1095 1233 1190 1296 quae·
1209 1223 1241 1278 as

52 1313 183 1380 astionis
206 1313 372 1380 veritatem
395 1310 572 1379 ostendero.
616 1313 700 1379 Nam
722 1334 780 1400 per
801 1314 877 1400 hoc,
908 1315 993 1397 quod
1014 1315 1191 1381 Romanum

52 1415 237 1498 imperium
261 1414 301 1480 de
320 1415 394 1498 jure
414 1414 512 1480 fuisse
535 1415 775 1499 monstrabitur,
805 1438 868 1483 non
890 1418 992 1483 solum
1022 1418 1063 1481 ab
1092 1416 1192 1484 oculis

59 1519 194 1599 Regum
219 1522 250 1582 et
264 1516 455 1602 Principum,
479 1516 533 1599 qui
548 1516 763 1597 gubernacula
778 1518 907 1603 publica
929 1518 1009 1582 sibi
1031 1523 1191 1604 usurpant,

71 1621 131 1686 hoc
152 1620 259 1705 ipsum
282 1617 322 1684 de
343 1618 486 1685 Romano
508 1618 627 1702 populo
642 1619 837 1686 mendaciter
852 1619 1079 1704 existimantes,
1103 1619 1190 1701 igno-

67 1721 193 1787 rantiae
215 1721 333 1786 nebula
355 1720 491 1803 eluetur3
523 1719 581 1785 sed
602 1721 753 1786 mortales
782 1741 891 1788 omnes
922 1741 992 1787 esse
1015 1740 1050 1789 se
1071 1720 1191 1787 liberos
1209 1737 1242 1786 to

69 1845 91 1887 a
108 1824 189 1907 jugo
212 1822 258 1887 sic
280 1821 497 1907 usurpantium
526 1826 762 1902 recognoscent.
807 1822 932 1887 Veritas
960 1827 1068 1888 autem
1096 1841 1191 1905 quae·
1297 1844 1303 1858 ·

71 1923 181 1992 stionis
196 1929 307 2008 patere
321 1927 428 2006 potest
442 1943 505 1988 non
520 1923 622 1989 solum
638 1924 757 1990 lumine
779 1923 956 1991 rationis
978 1924 1192 2006 humanae,

73 2025 249 2093 sedetiam
272 2023 362 2091 radio
386 2023 549 2090 divinae
578 2025 851 2092 auctoritatis.
897 2009 987 2106 Quae
1010 2024 1073 2091 duo
1096 2043 1193 2106 quum

73 2128 165 2192 simul
187 2126 231 2191 ad
253 2145 349 2191 unum
365 2131 560 2209 concurrunt,
583 2126 708 2193 coelum
730 2133 761 2192 et
783 2132 899 2193 terram
922 2127 1015 2191 simul
1038 2125 1192 2192 assentire

76 2251 202 2297 necesse
225 2235 282 2295 est.
326 2226 426 2310 Igitur
447 2226 583 2293 fiduciae
604 2233 811 2309 praenotatae
833 2227 975 2311 innixus,
999 2233 1031 2294 et
1053 2227 1192 2293 testimo·
1212 2247 1244 2297 45

77 2332 123 2399 nio
145 2331 278 2397 rationis
300 2335 333 2396 et
347 2328 545 2394 auctoritatis
566 2328 751 2414 praefretus,
774 2328 818 2393 ad
832 2327 1047 2394 secundam
1070 2347 1193 2409 quae-

77 2436 244 2501 stionem
267 2430 477 2498 dirimendam
499 2428 668 2512 ingredior.

101 2585 123 2618 ³³
139 2586 173 2639 A.
192 2584 226 2637 F.
245 2582 341 2636 maluit
358 2612 391 2620 -
409 2580 440 2635 L.
455 2579 542 2635 malui
728 2593 784 2642 nes,
802 2593 862 2634 cum
872 2579 966 2635 Ficino
985 2578 1113 2633 omittunt
1124 2577 1193 2632 Edd.

156 2670 189 2723 L.
207 2666 412 2738 irrumpendum
435 2696 456 2703 -
485 2665 516 2718 P.
535 2680 608 2719 rum-
744 2663 778 2716 H.
797 2665 833 2718 M.
851 2666 964 2736 pubere.
977 2681 1073 2736 peuce

134 2754 259 2825 perdum
278 2783 308 2791 -
327 2751 364 2804 Μ.
383 2749 563 2820 dirumpenda
685 2748 709 2781 ³³
725 2748 759 2801 H.
780 2747 813 2803 de
831 2749 954 2804 Romano
972 2748 1092 2820 Imperio

96 2839 124 2872 2⁹
140 2838 175 2892 L.
186 2838 223 2892 M.
243 2840 270 2891 et
287 2835 423 2890 Fraticeil.
440 2834 565 2888 inserunt
582 2836 609 2887 et
685 2834 709 2865 ⁴⁰
729 2832 762 2885 L.
781 2831 908 2887 evelletur
927 2861 959 2870 -
977 2833 1010 2887 A.
1028 2832 1157 2887 elteoetur

140 2927 204 2978 ante
222 2921 260 2975 od
277 2919 432 2975 osteudcud.
687 2918 710 2950 ³¹
728 2917 760 2970 F.
779 2923 921 2988 usurpant.
939 2921 1165 2989 recopuoscereut

96 3010 120 3042 ³¹
139 3008 216 3062 AF.
232 3006 307 3059 H.L.
326 3005 356 3058 P.
369 3004 401 3058 V.
421 3009 448 3057 et
464 3003 534 3057 Edd.
551 3008 606 3056 ant.
633 3026 635 3029 ·
684 3002 827 3069 ³¹,⁴²P.P.
841 3001 968 3057 Veacut.
980 3003 1196 3074 comrnuutspat.

140 3123 174 3133 -
192 3092 231 3148 M.
249 3091 329 3144 Turr.
348 3095 375 3143 ct
392 3088 467 3142 Frat.
484 3089 608 3143 sanctiss.
684 3088 708 3122 ⁴³
724 3087 793 3142 Edd.
811 3086 860 3140 scd
876 3090 903 3139 et
918 3085 998 3141 rcdr'o

141 3193 183 3231 me
200 3175 272 3231 subs.
684 3173 708 3205 ⁴³
729 3171 762 3226 V.
789 3188 872 3242 quum
890 3171 1096 3225 similiter-F.
1114 3187 1196 3242 quum

142 3263 173 3315 A.
193 3261 224 3314 F.
244 3260 278 3313 H.
300 3259 330 3313 P.
353 3257 386 3312 V.
415 3260 608 3328 subsequenter
642 3322 643 3325 Ἰ
725 3257 836 3310 irrsr‘urul

142 3376 175 3384 -
193 3345 224 3398 L.
244 3344 282 3397 M.
301 3344 482 3414 subsequatur
734 3334 775 3394 V.
797 3348 962 3396 concurrunt

141 3431 179 3485 M.
197 3429 330 3484 hortabor
688 3427 712 3458 ⁴⁵
729 3426 762 3479 A.
780 3426 812 3479 F.
830 3426 862 3479 L.
883 3425 959 3498 Erpo

142 3516 173 3569 F.
192 3529 332 3568 assumens
689 3512 713 3544 ³³
730 3511 762 3564 F.
780 3510 814 3564 H.
833 3511 863 3563 P.
880 3541 912 3550 -
922 3510 955 3564 V.
972 3508 1099 3580 prefetus
1111 3538 1144 3546 -
1158 3507 1192 3560 M.

100 3602 125 3635 ³³
142 3601 172 3653 P.
191 3599 223 3653 V.
241 3598 319 3652 Haec
338 3598 445 3668 quidem
725 3595 871 3667 prefectus
892 3625 925 3634 -
947 3594 979 3647 L.
993 3593 1140 3665 prefertur
1162 3620 1196 3631 -

103 3687 126 3719 ³⁵
143 3684 174 3738 V.
200 3684 291 3755 pertis
322 3681 475 3754 proesentis
504 3693 611 3751 propo·
730 3681 763 3733 A.
777 3679 906 3751 perfecte
923 3709 957 3717 -
974 3677 1047 3732 Edd.
1063 3677 1155 3746 fretus

144 3771 268 3823 sitionem
689 3766 712 3798 ¹³³
731 3765 764 3818 M.
777 3762 946 3834 propredr‘or

102 3857 127 3890 ³³
143 3855 174 3908 P.
193 3853 314 3907 unitatis
332 3853 516 3920 quaestionem
533 3880 564 3888 —
578 3849 611 3900 A.
747 3847 778 3900 P.
798 3846 872 3902 addit
889 3847 918 3900 in
936 3845 989 3898 fine
1000 3843 1125 3914 Explicit
1135 3844 1197 3914 pri-

145 3937 282 4010 opinionis
299 3937 438 3990 scrutamur
732 3948 775 3985 utu
794 3932 898 4000 questio
912 3927 1073 3985 Monarcbic
1093 3927 1198 3982 Dentis.

161 4021 275 4076 Turrius
294 4027 321 4073 et
337 4019 438 4074 Fratic.
458 4018 595 4073 ostendum
732 4017 829 4087 incipit
844 4015 963 4070 sectanda

102 4109 128 4141 ³³
144 4107 250 4179 Rapum
268 4111 305 4171 et,
333 4105 404 4174 quod
427 4104 529 4158 habent
557 4119 612 4158 om·

146 4246 170 4279 ³³
186 4242 255 4297 Vide
271 4240 318 4294 lib.
337 4241 356 4294 I.
377 4255 436 4309 cap.
456 4244 481 4293 ⁸2.
