2896 4876
540 294 821 351 PROLEGOblENA.
1124 336 1125 339 ,
1178 297 1244 352 XlX

122 471 279 541 auxilium
309 468 634 540 vocatolobanne
662 469 795 560 l'aier,
828 470 897 539 viro
933 470 1048 559 docto,
1082 471 1244 543 desiderio

124 623 199 668 rnen
228 598 401 668 liberaliter
427 597 604 692 respondit.
650 597 759 680 Quum
788 620 863 666 vero
890 597 1071 667 accuratior
1097 599 1169 668 libri
1190 624 1246 672 ne·

121 726 300 818 gligentins
329 724 438 819 scripti
468 724 594 794 collatio
620 723 764 796 Pestbini
800 747 865 794 non
894 723 1067 794 commode
1095 739 1163 797 erat
1190 753 1244 822 pa·

120 852 234 941 randa,
261 850 536 925 intercedentibus
561 852 701 922 summis
727 851 895 945 utriusque
920 849 1024 943 Regni
1053 875 1162 923 rerum
1192 879 1245 925 ex-

120 990 266 1050 terarum
302 978 502 1048 administris
531 989 564 1048 ut
592 977 692 1048 codex
719 978 788 1074 ipse
815 976 911 1047 llalas
939 977 1017 1047 mibi
1046 982 1245 1051 transmitte·

120 1119 229 1196 retur,
256 1106 384 1200 rogavi,
417 1118 448 1176 et
475 1106 536 1175 boe
563 1105 659 1175 etiam
687 1115 760 1175 voto
788 1105 831 1174 ita
858 1104 980 1199 potitus
1006 1129 1092 1196 sirm,
1119 1117 1154 1176 ut
1180 1120 1244 1180 tres

121 1257 255 1304 menses
282 1233 320 1303 ad
350 1233 587 1304 conserendum
616 1233 734 1303 librum
765 1232 843 1301 mibi
872 1232 1141 1304 concederentur.

224 1361 336 1455 Neque
370 1361 485 1431 studiis
524 1360 643 1430 nostris
678 1359 868 1448 defuerunt,
909 1358 963 1454 qui
997 1358 1108 1431 Lucan
1142 1361 1244 1433 literis

119 1490 239 1559 lavent.
292 1487 517 1558 intercedente
546 1488 652 1577 enim,
688 1487 728 1556 de
756 1511 819 1581 quo
843 1484 911 1579 jam
940 1477 1023 1576 diri,
1050 1487 1242 1560 doctissimo

120 1614 253 1705 Guasli,
290 1638 400 1685 curam
430 1614 595 1704 codicem,
629 1638 725 1708 quem
754 1636 828 1684 cum
858 1622 906 1685 tot
933 1613 1003 1684 aliis
1030 1614 1244 1687 bibliothecae

119 1741 438 1812 Carionicorum
480 1740 692 1812 ccclesiae
721 1740 867 1812 Sancti
894 1740 1065 1812 Martini
1094 1743 1171 1814 olim
1201 1745 1245 1814 le·

119 1871 207 1962 gavit
232 1869 386 1958 Facinus,
413 1868 460 1937 vel
489 1869 609 1938 rectius
634 1866 797 1938 Summus
821 1866 1034 1960 Sannausffi),
1060 1867 1245 1967 Episcopus

117 1996 281 2066 Lucensis
309 1997 345 2085 (l
378 1994 496 2086 1503),
523 2019 596 2065 cnm
627 1994 1010 2066 editioneFraticelliana
1039 1997 1243 2088 conlerendi,

117 2123 295 2194 liberaliter
315 2123 347 2192 in
367 2148 401 2192 so
420 2123 562 2217 suscepit
577 2122 625 2191 vir
644 2121 688 2190 ill.
709 2121 878 2192 Sacvaroa
899 2120 1011 2194 Boncc
1040 2124 1149 2208 Quum
1168 2150 1244 2195 vero

119 2249 229 2320 ‹lubiis
248 2249 417 2344 aliquoties
437 2249 528 2319 locus
548 2249 627 2319 mibi
646 2273 816 2320 remanere
843 2249 1024 2341 videretur,
1057 2249 1244 2324 Eonnmoun

118 2376 290 2467 Saureae,
325 2375 389 2470 jam
417 2375 640 2448 professorem
668 2376 955 2471 blarburgensem,
991 2389 1025 2448 ut
1060 2379 1239 2451 editionem

118 2514 265 2575 nostram
303 2529 377 2575 cum
413 2504 495 2575 libro
531 2505 754 2599 manuscripto
790 2504 829 2574 de
865 2506 993 2598 integro
1030 2518 1245 2600 compararet,

120 2633 243 2726 rogari,
270 2643 301 2701 et
320 2633 368 2700 vir
387 2631 501 2702 doctus
528 2633 679 2726 precibus
709 2623 790 2703 meis
818 2631 963 2702 olbciose
992 2630 1158 2702 satislecit.
1202 2632 1243 2703 m

121 2784 163 2829 ne
200 2783 288 2828 rrune
323 2758 452 2853 quidem
490 2782 605 2829 onmes
634 2758 841 2829 dillicultates
868 2784 885 2828 e
914 2759 1022 2830 medio
1050 2769 1142 2830 erant
1168 2760 1244 2832 sub·

117 2887 216 2978 latae,
254 2910 353 2981 quare
390 2910 501 2956 mense
536 2885 720 2982 Septembri
754 2887 831 2957 anni
871 2886 966 2958 1872
1010 2886 1135 2958 Lucam
1173 2888 1243 2983 ipse

120 3039 173 3084 me
201 3014 335 3104 contuli,
363 3025 396 3083 ut
423 3015 511 3084 locos
540 3014 655 3084 dubios
683 3013 802 3084 iterum
823 3015 1031 3110 inspicerem.
1081 3014 1144 3085 Sed
1175 3041 1244 3087 mo·

124 3143 249 3212 lestiam
280 3142 319 3210 de
346 3165 407 3235 qua
426 3140 574 3212 Blumius
598 3139 664 3233 jam
694 3140 906 3236 quadraginta
926 3167 980 3214 sex
1000 3143 1118 3213 abbinc
1137 3167 1243 3215 annos

115 3282 317 3364 conquestus
345 3278 403 3358 est,
435 3269 597 3363 hodieque
617 3267 805 3359 subsistere,
833 3270 946 3341 dolens
974 3270 1113 3365 percepi,
1141 3294 1241 3364 quum

115 3407 191 3491 post
224 3398 365 3466 duorum
399 3396 558 3466 librorum
587 3395 805 3487 collationem,
833 3398 940 3493 prima
970 3398 1020 3468 die
1049 3397 1243 3490 absolutam,

114 3522 215 3592 altera
244 3522 283 3592 ad
312 3546 393 3616 opus
420 3522 654 3617 perficiendum
683 3522 834 3614 rediens,
871 3526 1040 3615 conclave,
1077 3549 1140 3618 quo
1168 3526 1241 3596 libri

114 3659 298 3738 servantur,
325 3659 424 3739 tanto,
453 3649 688 3720 adornandam
710 3650 879 3721 ecclesiam
909 3663 1030 3747 parato,
1057 3674 1147 3719 sacro
1162 3674 1242 3745 sug·

113 3787 209 3870 gestu
251 3775 392 3846 riderem
428 3776 649 3867 obstructum,
684 3788 717 3847 ut
753 3777 791 3847 ad
828 3778 946 3848 scrinia
975 3777 1083 3847 nullus
1112 3764 1251 3848 daretur

204 4000 230 4054 ¹³t
248 3998 367 4063 Benna,
390 3999 446 4052 Iter
464 3999 582 4051 italicum
603 3999 636 4061 11,
654 4003 764 4054 96-98.
800 4000 1043 4060 Of.‘l'1aneosca1,
1063 3998 1153 4052 Storie
1171 3999 1243 4053 della

112 4095 276 4147 letteratura
300 4091 355 4144 ital.
383 4087 414 4146 T.
438 4092 484 4145 VI,
511 4092 592 4146 Parte
615 4092 650 4148 ΙΙ.
679 4108 738 4160 cap.
764 4099 786 4147 5.
813 4095 829 4160 ξ
858 4097 896 4145 16.
934 4091 1011 4145 Ediz.
1034 4091 1125 4146 Molin.
1145 4096 1240 4155 (1809.)

112 4204 142 4254 p.
162 4189 221 4239 utu.

1000 4272 1066 4329 :ma
