2910 4876
229 315 288 374 100
525 314 660 368 DANTIS
678 313 897 370 MOMAROHIA
914 313 961 367 III.
980 313 1008 369 O.
1026 317 1051 367 4.

228 487 380 555 deviandi
403 488 499 554 etiam
528 487 561 552 in
582 495 799 552 transversum
826 490 882 550 aut
902 506 1089 569 perversum
1117 485 1163 551 ire
1187 485 1349 568 cogatur.“

228 589 354 658 Deinde
376 590 478 654 innuit
499 610 636 673 causam,
660 608 758 670 quare
781 586 958 653 cavendum
980 586 1097 653 sithoc
1119 587 1152 650 in
1174 589 1348 674 scripturis,

177 712 210 763 50
229 692 352 759 dicens:
380 691 567 775 „Titubabit
588 689 684 774 fides,
714 689 742 754 si
765 688 944 755 divinarum
971 688 1195 771 scripturarum
1216 693 1350 758 vacillat

228 792 430 859 auctoritas.“
473 794 543 876 Ego
565 797 672 859 autem
690 790 778 876 dico,
802 791 889 874 quod
910 790 939 855 si
960 789 1038 854 talia
1059 789 1176 856 luerint
1197 791 1238 858 de
1261 794 1348 874 igno-

227 895 340 979 rantia,
364 895 561 979 correptione
577 893 748 975 diligenter
768 891 923 976 adhibita,
945 891 1173 972 ignoscendum
1189 899 1247 979 est,
1269 897 1351 962 sicut

227 996 456 1080 ignoscendum
486 1003 571 1062 esset
598 995 662 1080 illi,
692 995 746 1078 qui
774 995 899 1061 leonem
927 993 960 1057 in
987 993 1125 1059 nubibus
1152 994 1348 1064 formidaret.

229 1098 265 1164 Si
286 1120 362 1165 vero
385 1098 557 1180 industria,
586 1118 650 1164 non
677 1097 772 1163 aliter
800 1117 871 1162 cum
900 1095 946 1160 sic
974 1095 1152 1161 errantibus
1181 1104 1232 1163 est
1253 1118 1350 1182 agen-

178 1220 210 1270 11
229 1201 320 1285 dum,
352 1219 447 1284 quam
477 1220 548 1265 cum
575 1198 734 1284 tyrannis,
768 1197 823 1280 qui
849 1198 979 1281 publica
1006 1198 1081 1282 jura
1108 1219 1172 1265 non
1200 1199 1244 1265 ad
1266 1222 1349 1268 com-

228 1324 354 1370 munem
384 1302 556 1367 utilitatem
584 1303 774 1383 sequuntur,
805 1298 864 1365 sed
896 1299 940 1364 ad
972 1300 1135 1384 propriam
1166 1308 1351 1385 retorquere

229 1410 389 1472 conantur.

314 1505 364 1574 Oh
387 1525 543 1572 summum
559 1504 690 1588 facinusr,
707 1502 833 1570 etiamsi
848 1501 1010 1583 contingat
1024 1504 1058 1567 in
1072 1504 1213 1589 somniiS,
1231 1507 1352 1573 aeterni

230 1608 367 1694 Spiritus
389 1607 563 1672 intentione
578 1606 682 1671 abuti!
711 1605 785 1672 Non
808 1604 892 1671 enim
906 1609 1057 1688 peccatur
1077 1605 1111 1669 in
1125 1607 1268 1692 Moysen,
1288 1629 1352 1675 non

180 1729 212 1783 oo
230 1711 263 1774 in
284 1709 409 1792 David,
438 1728 502 1774 non
522 1708 556 1771 in
577 1707 655 1791 tob,
684 1728 748 1774 non
776 1707 809 1770 in
830 1707 1043 1790 Matthaeum‚
1069 1727 1128 1773 nec
1149 1709 1183 1772 in
1204 1711 1350 1796 Paulum,

229 1809 288 1876 seu
309 1792 342 1874 rl
366 1808 518 1894 spiritum
542 1809 707 1892 Sanctum,
732 1809 786 1891 qur
807 1808 947 1890 loquitur
968 1808 1000 1871 11
1022 1809 1096 1875 rurs.
1135 1810 1219 1876 uam
1243 1833 1351 1894 quam-

230 1933 326 1994 quam
348 1913 472 1978 scribae
496 1910 596 1976 divini
619 1910 738 1992 eloquii
752 1910 844 1975 multi
866 1909 937 1993 sint,
960 1911 1071 1976 unicus
1093 1915 1201 1977 tamen
1216 1911 1353 1980 dictator

230 2014 279 2075 est
300 2011 402 2094 Deus,
434 2012 488 2094 qui
510 2013 743 2096 beneplacitum
766 2032 857 2077 suum
879 2012 972 2078 nobis
994 2015 1245 2097 permultorum
1269 2015 1351 2081 cala

230 2132 299 2177 mos
321 2113 482 2198 explicare
505 2114 654 2196 dignatus
677 2120 733 2180 est.

257 2298 281 2331 ⁴⁸
297 2298 366 2352 Edd.
392 2300 419 2352 iu
444 2304 626 2353 transuersum
649 2304 676 2352 ct
700 2315 765 2370 pcr-

297 2398 402 2443 vrrsum
421 2385 666 2456 irequiseopatur.
690 2383 765 2452 Quae

298 2467 419 2522 dedimus
436 2470 571 2524 habentur
594 2469 623 2524 in
640 2468 764 2524 omuibus

298 2559 325 2606 et
360 2554 554 2607 confirmantur
588 2569 637 2622 per
677 2553 766 2623 ipsum

296 2638 441 2704 Augustini
457 2644 567 2692 textum.
649 2678 650 2683 ,

258 2723 290 2786 ⁵¹,
303 2723 326 2754 55
343 2722 485 2790 Sequimur
502 2722 580 2777 codd.
595 2725 627 2776 A.
638 2722 677 2776 M.
692 2722 722 2776 P.
732 2753 767 2763 -

298 2807 383 2861 Paulo
402 2807 480 2860 aliter
496 2807 535 2861 H:
562 2807 637 2878 quod
658 2809 685 2861 si
704 2807 767 2862 totis

298 2892 387 2961 fuerit
415 2893 558 2962 iquorem,
595 2895 768 2963 r'pnoruntiae

299 3006 332 3015 —
342 2977 373 3028 F.
384 2975 416 3028 L.
427 2975 460 3029 V.
484 2976 559 3046 quod
574 2978 601 3030 si
617 2977 684 3031 tolia
695 2977 768 3046 fiurzt

300 3059 333 3113 de
355 3062 513 3130 iquoraoria
533 3093 567 3099 -
593 3061 664 3115 Edd.
694 3061 769 3131 quod

299 3146 326 3197 si
355 3143 421 3197 talia
454 3143 488 3198 de
515 3145 671 3216 iqooronria
697 3162 766 3217 pro-

300 3229 410 3282 tertiata

260 3313 283 3345 ⁵²
299 3311 338 3365 M.
369 3319 486 3383 corrept.
519 3313 645 3384 ditipenti
675 3313 765 3369 adlit.

301 3397 403 3451 Contra
437 3396 596 3451 hodiernum
632 3399 767 3453 scribendi

300 3482 409 3537 modurn
419 3482 578 3537 retinuimus
588 3485 767 3554 correptione,

301 3567 372 3636 quod
396 3568 497 3622 habent
524 3567 601 3622 codd.
633 3571 660 3622 et
684 3567 768 3632 editt,

301 3669 382 3720 quum
400 3652 549 3706 videremus
568 3668 618 3707 nec
635 3653 769 3722 Hierony-

301 3753 374 3789 mum
408 3737 437 3789 in
469 3737 586 3806 Vulgata
620 3738 768 3792 Bibliorum

301 3821 423 3876 versione
441 3823 519 3876 aliter
537 3823 677 3892 scripsisse

319 3905 350 3960 F.
370 3907 562 3978 ipuosoeudum
581 3914 649 3961 esset

261 3991 292 4055 55,
303 3990 326 4023 55
335 3990 426 4044 Verba
435 3994 505 4046 sicut
513 3991 706 4061 ipuosceudum
719 3992 766 4044 ab·

303 4079 367 4128 sunt
384 4090 401 4128 a
419 4076 495 4130 codd.
513 4078 545 4129 A.
565 4077 596 4129 F.
618 4084 645 4130 et
662 4076 700 4130 M.
725 4076 768 4129 llli

304 4228 327 4258 ⁵⁰
343 4227 521 4280 Auousrmus
540 4228 557 4280 l.
576 4244 599 4281 c.
619 4244 678 4297 cap.
699 4234 739 4282 37.

884 2304 1026 2367 praeterea
1042 2304 1175 2367 respuunt
1193 2305 1271 2367 esset,
1283 2301 1353 2369 quod

884 2383 1018 2451 sequitur3
1045 2383 1089 2437 hic
1113 2389 1154 2437 est
1177 2384 1249 2452 quod
1274 2401 1353 2454 prac-

886 2466 964 2521 cedit.

844 2553 867 2585 55
884 2552 918 2604 H.
936 2551 969 2606 Si
984 2568 1047 2606 1111
1068 2569 1105 2606 ex
1123 2553 1260 2607 industria

843 2637 874 2703 ⁵⁴,
894 2639 917 2670 55
934 2638 967 2690 Α.
986 2654 1046 2692 cum
1064 2639 1105 2691 sic
1122 2639 1305 2709 111111ῖὶ111-
1320 2637 1353 2691 Η.

886 2737 946 2776 cum
964 2737 995 2775 11
1013 2723 1052 2776 sic
1071 2727 1192 2777 certante

844 2809 866 2840 ⁵⁵
883 2806 914 2859 P.
934 2823 993 2861 cum
1013 2809 1127 2861 tiramus
1139 2823 1194 2878 per
1206 2806 1323 2877 publica

845 2893 867 2924 55
883 2891 922 2944 Μ.
941 2892 990 2945 sed
1006 2891 1044 2946 ad
1054 2893 1175 2963 propria

903 2975 1070 3030 Praeferrem
1114 2976 1288 3046 detorquere,
1332 2976 1355 3030 si

886 3062 1033 3135 haberetur
1049 3061 1079 3114 in
1095 3060 1173 3114 codd.

845 3148 868 3180 55
885 3147 918 3200 A.
939 3147 970 3200 L.
987 3146 1024 3200 M.
1043 3145 1073 3199 P.
1091 3147 1198 3199 etiamsi
1214 3147 1354 3216 continpat

887 3232 1034 3285 insomnis
1055 3260 1090 3269 -
1110 3229 1142 3283 V.
1162 3231 1270 3286 etiamst
1285 3235 1353 3285 cont.

886 3317 914 3371 to
931 3316 1066 3386 supremis

903 3400 933 3453 P.
951 3399 1050 3453 omittit
1067 3401 1174 3454 aeterni

847 3486 871 3518 55
888 3485 921 3538 H.
940 3501 1028 3554 neque
1045 3483 1289 3538 inpactum-A.
1310 3501 1353 3538 ne-

888 3585 941 3639 que
958 3570 1038 3623 etiam
1057 3567 1174 3622 Paulum
1185 3601 1219 3609 -
1236 3569 1309 3623 L.P.
1319 3569 1351 3621 V.

886 3670 942 3708 noa
968 3655 996 3707 ia
1025 3652 1104 3706 Paul.
1133 3682 1166 3691 -
1201 3652 1239 3707 M.
1267 3668 1353 3723 nepae

884 3743 992 3808 patrem

841 3823 869 3864 -55
885 3822 916 3874 F.
936 3822 967 3875 P.
987 3823 1037 3891 qui
1054 3821 1175 3891 loquitor
1192 3822 1248 3877 illis

844 3907 867 3939 ⁶²
885 3905 953 3960 Edd.
971 3908 1118 3992 scriptores
1135 3905 1223 3961 dictat
1238 3907 1339 3976 eloquii

904 3991 935 4042 F.
953 3991 1032 4044 molti
1048 3996 1111 4044 sunt
