2902 4874
177 316 197 377 4
460 318 595 374 DANTIS
613 317 832 372 MONAROHIA
849 318 870 370 Ι.
890 317 919 371 O.
941 322 962 370 1.
983 320 1005 369 2.

128 506 158 554 ro
177 489 273 572 igitur
300 509 397 575 saepe
425 510 548 557 mecum
575 489 769 573 recogitans,
798 509 838 555 ne
868 489 907 554 de
931 487 1044 554 infossi
1066 487 1180 553 talenti
1202 487 1300 570 culpa

177 591 366 674 quandoque
389 591 570 675 redarguar,
592 591 741 674 publicae
763 589 894 655 utilitati
915 611 980 656 non
996 589 1091 655 modo
1107 595 1299 674 turgescere,

176 693 316 775 quinimo
338 693 525 759 fructificare
548 691 706 776 desidere,
729 697 760 758 et
780 692 954 757 intentatas
976 692 1018 757 ab
1040 690 1113 755 aliis
1130 692 1299 757 ostendere

175 795 336 861 veritates.
372 796 456 860 Nam
479 814 573 876 quem
594 795 729 859 sructum
750 793 832 858 feret
852 793 917 876 ille,
942 792 996 875 qui
1016 792 1181 858 theorema
1198 792 1299 875 quod-

176 896 251 961 dam
272 896 414 963 Euclidis
440 897 554 962 iterum
582 895 834 961 demonstraret?
864 895 917 976 qui
939 895 981 960 ab
1003 895 1176 961 Aristotele
1197 896 1299 962 felici-

127 1011 157 1059 11
175 1003 273 1064 tatem
301 1003 476 1081 ostensam,
510 996 714 1062 reostendere
746 996 934 1063 conaretur?
969 996 1022 1078 qui
1054 1001 1250 1063 senectutem
1279 1018 1300 1062 a

176 1099 325 1166 Cicerone
341 1099 513 1183 defensam,
536 1102 710 1165 resumeret
724 1096 975 1163 defensandam?
1011 1098 1144 1162 Nullum
1162 1098 1297 1183 quippe,

174 1200 233 1267 sed
254 1200 417 1266 fastidium
438 1199 545 1285 potius
566 1199 625 1264 illa
646 1198 847 1284 superfluitas
869 1198 1016 1266 taediose
1037 1186 1224 1283 praestaret.

259 1303 426 1383 Quumque
447 1301 529 1368 inter
550 1301 631 1366 alias
654 1301 805 1368 veritates
828 1301 969 1367 occultas
991 1307 1023 1368 et
1044 1301 1148 1384 utiles,
1176 1306 1297 1387 tempo·

173 1402 251 1467 ralis
272 1402 476 1469 Monarchiae
496 1402 611 1468 notitia
632 1402 801 1468 utilissima
823 1402 879 1486 sit,
907 1408 939 1468 et
960 1401 1100 1468 maxime
1121 1403 1241 1486 latens,
1266 1410 1299 1470 11

124 1522 157 1572 20
174 1509 306 1587 propter
332 1525 396 1570 non
412 1524 459 1571 se
488 1505 606 1571 habere
634 1504 817 1569 immediate
850 1503 893 1568 ad
924 1504 1061 1587 lucrum,
1085 1505 1126 1569 ab
1150 1505 1298 1571 omnibus

173 1605 343 1689 intentata,
368 1606 400 1670 in
421 1606 584 1690 proposito
608 1610 671 1688 est,
698 1605 781 1670 hanc
803 1604 843 1670 de
865 1605 932 1670 suis
955 1606 1120 1672 enucleare
1142 1605 1297 1690 latibulis,

173 1711 241 1771 tum
262 1711 297 1770 ut
318 1706 438 1772 utiliter
458 1706 575 1773 mundo
597 1706 796 1791 pervigilem,
819 1710 886 1771 tum
901 1706 997 1773 etiam
1011 1712 1046 1770 ut
1060 1707 1202 1789 palmam
1217 1709 1298 1773 tanti

174 1807 278 1872 bravii
299 1807 420 1892 primus
441 1807 475 1872 in
496 1827 602 1873 meam
628 1807 764 1889 gloriam
792 1806 963 1891 adipiscar.
1008 1808 1150 1873 Arduum
1178 1810 1297 1895 quippe

174 1927 254 1991 opus
283 1913 315 1973 et
336 1910 420 1974 ultra
445 1909 529 1974 vires
555 1909 739 1992 aggredior,
768 1930 831 1975 non
858 1915 925 1974 tam
954 1908 994 1974 de
1022 1910 1152 1994 propria
1180 1911 1297 1978 virtute

125 2027 156 2077 25
176 2008 346 2094 confidens,
370 2029 465 2092 quam
488 2009 528 2077 de
548 2010 666 2076 lumine
681 2010 856 2091 Largitoris
869 2010 966 2094 illius,
990 2012 1065 2094 „qui
1081 2011 1137 2076 dat
1152 2013 1299 2079 omnibus

174 2110 348 2192 affluenter,
372 2116 405 2177 et
425 2133 488 2179 non
511 2110 736 2197 improperat“.

643 2353 769 2427 [canor
790 2352 840 2427 11.]

259 2501 400 2566 Primum
414 2499 510 2584 igitur
525 2499 707 2583 videndum,
732 2500 809 2582 quid
830 2506 878 2566 est
901 2499 987 2582 quod
1008 2502 1195 2585 temporalis
1210 2503 1298 2569 Mon-

174 2602 283 2667 archia
305 2603 428 2686 dicitur,
450 2607 529 2688 typo
551 2606 587 2666 ut
609 2602 722 2686 dicam,
745 2608 778 2667 et
800 2601 972 2669 secundum
989 2601 1206 2671 intentionem.
1240 2604 1300 2670 Est

175 2721 249 2784 ergo
277 2704 462 2788 temporalis
483 2704 683 2787 Monarchia,
713 2723 809 2786 quem
838 2704 945 2769 dicunt
970 2704 1158 2789 Imperium,
1187 2707 1300 2773 unicus

175 2805 391 2890 Principatus,
421 2809 453 2872 et
475 2825 569 2891 super
591 2826 702 2873 omnes
723 2805 930 2889 intempore,
958 2806 1010 2871 vel
1032 2806 1066 2870 in
1086 2806 1126 2871 iis
1149 2811 1181 2872 11
1202 2826 1300 2892 super

200 2991 221 3023 ¹⁰
238 2989 276 3044 M.
294 3005 377 3063 saepe
394 2996 482 3045 memte
497 3008 588 3062 recep.
787 2989 810 3021 ²⁵
827 2989 861 3043 A.
879 2989 912 3044 de
930 3005 1040 3043 recurrere
1058 2988 1214 3060 largitoris

258 3074 290 3128 F.
308 3075 342 3129 de
359 3075 492 3144 indefessi
508 3075 604 3129 talenti
761 3073 827 3142 Cap.
844 3074 879 3126 11.
918 3076 926 3106 ¹
944 3073 976 3127 F.
995 3071 1117 3126 Primum
1135 3090 1201 3145 erpo
1212 3106 1247 3113 -
1263 3076 1298 3129 H.

203 3159 224 3191 ¹¹
241 3158 272 3212 F.
290 3176 344 3214 mom
363 3159 442 3214 modo
463 3166 658 3231 trapescere-
674 3157 708 3211 H.
828 3158 860 3211 L.
879 3157 910 3211 P.
928 3157 961 3211 V.
981 3157 1027 3211 Pr.
1047 3158 1154 3228 quidem
1173 3160 1259 3230 ipitur

242 3261 297 3299 moa
315 3261 350 3298 m.
370 3250 519 3314 tromprese.
845 3241 877 3294 F.
888 3242 921 3295 H.
931 3241 963 3295 L.
973 3243 1003 3299 P.
1013 3242 1135 3296 V.-A.
1154 3244 1299 3299 videndum

202 3329 223 3362 ¹³
239 3329 317 3400 ferat
339 3329 415 3384 deest
436 3328 465 3382 in
489 3327 614 3382 omnibus
632 3326 711 3381 codd.
829 3332 882 3392 est,
913 3343 984 3397 quae
1007 3334 1086 3398 temp.
1113 3357 1146 3367 —
1179 3317 1218 3382 M.
1244 3329 1297 3384 oid.

244 3419 271 3468 et
286 3414 357 3468 inter
374 3415 459 3469 editos
477 3412 550 3482 apud
565 3412 709 3467 Alciatum.
829 3417 877 3475 est,
897 3411 972 3481 qaod
988 3419 1067 3484 temp.
1096 3443 1129 3452 -
1155 3411 1226 3467 Edd.
1245 3413 1297 3469 oid.

204 3498 225 3530 ¹¹
242 3497 273 3551 F.
291 3504 439 3552 resumeret
456 3497 655 3567 defendendam
829 3503 878 3561 est,
896 3495 963 3566 quid
980 3502 1059 3568 temp.

202 3582 278 3635 21Η.
296 3582 329 3636 V.
348 3585 376 3637 et
399 3581 458 3636 edd.
476 3585 527 3636 vet.
548 3582 711 3653 precipitem
797 3581 808 3614 ²
824 3582 859 3633 A.
877 3581 908 3634 F.
927 3581 962 3637 H.
980 3581 1011 3634 1..
1030 3581 1061 3635 P.
1074 3581 1152 3636 V.—
1169 3582 1205 3636 11.
1225 3582 1298 3638 diee-

204 3667 227 3700 23
245 3666 388 3736 Sequimur
405 3665 481 3721 codd¹
494 3667 527 3720 Α.
537 3666 575 3721 M.
591 3666 662 3720 —F.
676 3667 709 3720 H.
829 3672 882 3730 tur,
902 3673 967 3737 type

244 3751 276 3804 1..
294 3751 325 3804 P.
342 3751 376 3806 V.
402 3751 522 3805 Ardeam
546 3750 654 3820 quidem
677 3782 710 3791 -
796 3750 856 3804 ³F.
874 3750 908 3803 Η.
933 3750 965 3803 1..
990 3749 1028 3804 M.
1052 3749 1083 3803 P.
1107 3781 1142 3788 -
1167 3751 1201 3804 A.
1227 3750 1296 3823 Imp.

245 3835 304 3890 edd.
322 3838 386 3890 vett.
403 3835 471 3889 Ard.
489 3834 625 3904 quoddam
828 3836 932 3888 ursitum
957 3864 990 3873 —
1013 3834 1046 3888 V.
1064 3833 1135 3905 Imp.
1154 3837 1249 3891 orcitus
1265 3868 1294 3876 -

205 3920 228 3952 ²¹
244 3920 277 3973 L.
294 3936 348 3974 mom
367 3925 420 3974 tum
433 3921 553 3992 propria
827 3919 895 3974 Edd.
920 3921 989 3973 antt.
1022 3919 1116 3983 uerius,
1134 3949 1168 3960 -
1186 3924 1297 3977 recentt.

202 4004 226 4038 ²⁵
242 4003 275 4057 F.
294 4003 413 4072 confisus
828 4020 899 4058 arcus

249 4170 678 4229 10(11,111.Μ11111.21.1.25.
751 4169 1072 4227 11111111111111118.
1144 4174 1298 4229 ¹*Putein

178 4239 317 4294 Ethicis
334 4240 374 4294 ed
391 4240 572 4296 Eudemum
588 4240 610 4293 I.
628 4240 658 4294 O.
678 4245 694 4294 4
712 4256 750 4308 sq.
821 4242 844 4274 ²¹
861 4240 972 4309 Epist.
990 4240 1087 4295 Ieccm
1107 4245 1128 4293 1.
1147 4258 1171 4296 r.
1191 4249 1215 4296 5.
