2896 4876
482 388 484 392 y
505 326 785 383 PROLEGOMENA.
1152 330 1203 382 XV

88 503 172 574 alteri
192 503 342 573 codicum
362 502 593 597 praecaeteris
621 503 792 573 auctoritas
821 500 917 573 tribui
946 513 1062 598 potest,
1089 514 1119 572 et
1138 527 1201 599 quo

89 630 229 724 saepiuS,
263 630 359 700 etiam
394 629 447 723 qui
482 629 625 724 reliquos
659 630 851 726 plerumque
879 630 1054 701 lectionum
1082 631 1201 727 ineptia

89 768 229 852 superat,
257 756 510 827 Ambrosianum
539 766 631 851 puta,
660 757 711 827 liic
738 757 784 827 vel
813 757 894 847 illic,
929 759 1076 828 onurium
1108 783 1202 849 tinius,

89 885 152 954 siue
171 885 270 954 dubio
301 884 434 979 probam
461 894 555 977 atque
582 885 758 978 genuinam
788 883 929 979 praebet.
975 884 1090 980 Neque
1118 886 1203 956 iuter

90 1012 222 1102 codices,
250 1013 305 1107 qui
333 1011 372 1080 ad
401 1034 461 1081 nos
481 1021 708 1106 pervenerunt,
736 1022 822 1081 certa
841 1035 970 1105 genera,
997 1012 1134 1082 familias
1153 1012 1200 1082 di·

89 1149 171 1228 eunt,
199 1139 397 1210 constituere
427 1138 504 1208 milri
533 1139 686 1233 contigit,
716 1138 747 1208 id
777 1162 878 1208 riuum
908 1139 1106 1234 percipiam,
1143 1139 1202 1210 ali·

89 1290 162 1360 ptius
197 1266 326 1362 saepius
361 1289 457 1361 quam
493 1267 608 1336 caeteri
645 1267 729 1336 inter
763 1290 796 1336 se
832 1266 1026 1336 consentire.
1088 1266 1200 1338 Talem

89 1393 166 1463 inter
201 1392 424 1487 Hungaricum
460 1403 491 1461 et
524 1393 688 1464 'Venatum
725 1393 927 1463 intercedere
969 1395 1196 1488 cognationem

88 1519 229 1610 dixerim,
254 1544 272 1590 a
300 1520 416 1614 quibus
444 1519 681 1591 Ambrosianus
708 1534 738 1591 et
757 1521 995 1593 Laurentianus
1024 1545 1090 1593 non
1121 1523 1204 1593 mul·

89 1656 150 1716 tum
186 1646 305 1718 distare
333 1647 493 1717 videntur.
549 1646 736 1719 Felinianus
764 1661 794 1719 et
821 1648 995 1739 Palatinus,
1022 1674 1038 1718 a
1067 1651 1200 1746 reliquis

88 1797 236 1869 persaepe
264 1774 470 1866 recedentes,
496 1776 614 1871 probas
643 1777 727 1847 baud
755 1801 828 1847 raro
855 1777 1009 1847 exhibent
1035 1778 1201 1869 lectiones,

89 1901 167 1971 unde
196 1902 365 1997 utriusque
394 1902 616 1973 testimonium
646 1904 735 1974 orrrni
765 1905 1027 1975 consideratione
1062 1906 1198 1999 dignum

88 2038 169 2121 puto.

182 2156 256 2227 Non
278 2167 384 2227 tamen
407 2157 436 2227 id
458 2157 536 2228 mibi
565 2158 728 2252 agendum
758 2156 845 2249 duxi,
872 2171 916 2230 ut>
935 2183 1198 2255 unamquamque

89 2292 185 2354 tentus
213 2284 416 2378 varietatem,
454 2284 485 2353 in
516 2308 581 2355 uuo
608 2285 655 2354 vel
684 2286 785 2357 altero
814 2286 925 2357 codice
954 2287 1199 2382 deprebensam,

87 2412 281 2482 adnotarem.
337 2410 430 2494 Quod
459 2412 485 2481 si
519 2413 668 2483 fecissem
700 2411 801 2505 major
829 2415 1019 2508 paginarum
1049 2439 1122 2509 pars
1150 2416 1199 2485 in·

87 2562 309 2629 numerarunt,
352 2563 503 2632 maguam
539 2549 663 2635 partem
699 2564 799 2611 sensu
835 2565 970 2637 prorsus
994 2542 1196 2631 carentium,

86 2665 256 2737 lectionum
297 2667 388 2761 copia
417 2667 530 2737 luisset
555 2667 680 2738 obruta.
736 2668 821 2738 Satis
846 2668 946 2762 igitur
973 2669 1088 2739 secisse
1119 2669 1196 2740 mibi

84 2793 166 2865 risus
193 2818 278 2885 sum,
306 2795 332 2864 si
353 2818 406 2863 eas
426 2793 614 2884 indicarem,
642 2820 720 2889 quas
747 2796 794 2864 rel
823 2795 1024 2890 aliquatenus
1052 2795 1193 2887 delendi,

82 2921 127 2990 rel
156 2921 305 2992 umbram
327 2921 416 3016 quasi
432 2917 537 3012 justae
559 2923 707 2993 lectionis
723 2898 869 2993 innuere
889 2947 983 3017 posse
1012 2924 1196 2994 credebam.

183 3048 275 3137 Octo,
302 3049 339 3117 ad
370 3058 514 3118 nostram
535 3060 670 3120 aetatem
699 3051 899 3146 superstites,
919 3049 1124 3121 lllunarclriae
1144 3074 1197 3122 co·

79 3175 166 3246 dices
186 3175 266 3246 mibi
290 3175 514 3267 innotuerunt,
541 3202 679 3272 quorum
708 3188 773 3248 tres
801 3179 891 3248 omui
921 3202 982 3273 qua
1009 3179 1097 3274 potui
1117 3179 1197 3249 diti-

77 3304 186 3397 gentia
214 3302 283 3398 ipse
313 3303 445 3392 contuli,
472 3303 611 3375 alioruin
640 3316 777 3399 quatuor
804 3306 1011 3377 collationem
1041 3306 1196 3376 olliciosis

77 3432 269 3520 doctorum,
304 3430 456 3526 probatae
484 3430 533 3502 bis
561 3432 594 3501 in
623 3432 720 3504 rebus
746 3434 899 3528 peritiae,
936 3434 1077 3504 virorum
1108 3434 1194 3503 curis

76 3557 190 3628 debeo.
243 3557 291 3626 Ad
321 3567 466 3628 octavum
497 3558 578 3628 liber
605 3583 765 3650 accessus,
792 3562 998 3657 quantumvis
1025 3560 1196 3655 appetitus,

76 3684 158 3756 milii
186 3708 251 3755 non
281 3685 392 3779 patuit.
446 3684 577 3756 Praeter
605 3687 726 3783 aliquot
752 3687 909 3760 lectiones
936 3689 973 3759 ad
1001 3687 1090 3757 locos
1118 3710 1194 3781 prae

75 3811 213 3882 caeteris
232 3810 338 3882 dubiis
357 3811 541 3907 impeditos,
569 3839 647 3910 quas
667 3815 840 3886 liberaliter
861 3839 991 3885 mecum
1012 3813 1196 3884 communi·

73 3939 157 4009 cavit
184 3938 231 4008 vir
258 3939 379 4009 clariss.
409 3937 559 4012 Cauneas
579 3940 679 4012 Emer
699 3942 844 4033 Nonrou,
872 3940 1039 4011 Amerieae
1068 3951 1196 4034 septen·

73 4065 221 4140 trionalis
237 4066 330 4156 civim
348 4065 428 4137 nibil
447 4067 545 4161 igitur
560 4069 662 4140 babeo
682 4069 766 4165 quod
788 4095 826 4139 ex
845 4094 883 4140 eo
903 4068 1077 4163 puoleram.
1116 4068 1196 4139 llico

72 4196 115 4266 de
141 4193 255 4264 codice
283 4193 542 4285 membranaceo,
578 4198 631 4290 qui
658 4222 733 4267 cum
762 4197 830 4267 aliis
857 4194 1054 4266 Guilelmi
1074 4193 1194 4266 Libri
