2902 4874
394 305 529 360 DANTIS
547 304 765 365 MONARCHIA
781 306 815 359 Π.
836 305 865 360 Ο.
883 311 907 361 6.
1170 304 1210 365 59

47 497 161 561 gere
183 477 254 543 sine
277 476 422 545 sanitate.
467 479 601 563 Propter
622 477 708 560 quod
730 476 969 544 evidentissime
991 484 1096 564 patet,
1126 478 1211 561 quod

45 579 180 648 finem
206 579 289 664 juris
317 578 549 662 intendentem,
585 584 711 664 oportet
740 599 811 645 cum
835 581 908 664 jure
937 580 1116 664 intendere3
1151 602 1211 648 nec

50 683 175 749 valet
198 681 366 764 instantia,
390 700 472 847 <prae
495 680 536 747 de
559 682 665 747 verbis
687 681 934 767 Philosophi
956 684 1117 748 eubuliam
1138 703 1210 767 per·
1230 689 1261 740 30

53 785 256 850 tractantis
279 783 352 850 elici
374 803 409 849 so
423 787 464 849 et.
509 782 596 847 Dicit
617 782 702 848 enim
723 782 953 869 Philosophus:
981 783 1068 867 „Sed
1096 790 1129 851 et
1150 784 1212 851 hoc

56 885 168 953 {also
192 885 397 972 syllogismo,
421 883 541 966 sortiri,
566 882 670 964 quod
693 882 821 965 quidem
843 889 968 970 oportet
989 886 1110 970 sortiri,
1141 906 1212 970 per

62 988 196 1070 quod
227 991 349 1071 autem,
383 1006 462 1068 non,
501 983 559 1051 sed
590 984 706 1049 falsum
739 983 878 1050 medium
909 987 1077 1053 terminum
1110 986 1211 1054 esse.“

58 1089 170 1155 llam
203 1089 230 1154 si
258 1110 300 1156 ex
320 1087 411 1153 falsis
440 1104 550 1152 verum
581 1085 816 1169 quodammodo
839 1087 1051 1172 concluditur,
1078 1088 1140 1155 hoo
1161 1094 1211 1154 est

62 1196 143 1276 per
166 1189 331 1273 accidens,
361 1190 395 1254 in
417 1194 570 1271 quantum
591 1187 672 1252 illud
693 1209 803 1255 verum
826 1188 1015 1273 importatur
1035 1210 1093 1276 per
1113 1210 1210 1257 voces
1228 1197 1260 1248 35

66 1291 257 1376 illationis3
287 1312 344 1377 per
372 1310 407 1358 se
430 1291 515 1357 enim
543 1309 653 1357 verum
681 1309 842 1372 nunquam
870 1291 1012 1373 sequitur
1040 1312 1081 1358 ex
1109 1291 1208 1375 falsie,

72 1393 180 1476 signa
202 1399 310 1459 tamen
332 1392 400 1459 veri
425 1394 506 1459 bene
527 1395 700 1473 sequuntur
722 1412 764 1458 ex
786 1392 894 1476 signis,
919 1412 1001 1474 quae
1023 1397 1097 1459 sunt
1118 1393 1210 1475 signa

72 1493 169 1561 falsi.
216 1495 269 1561 Sic
291 1501 322 1562 et
343 1495 378 1559 in
399 1494 625 1579 operabilibus.
669 1495 768 1577 Nam,
798 1494 873 1560 licet
893 1495 943 1560 fur
965 1495 1005 1560 de
1030 1495 1112 1561 furto
1136 1496 1208 1561 sub-

742 1645 908 1713 propositam
949 1652 1095 1714 sequutus:
1144 1645 1210 1701 dicit

742 1731 827 1783 euim:
846 1729 931 1785 Falso
943 1731 1100 1802 syllopr'smo
1116 1732 1212 1785 sortiri

742 1813 818 1884 quod
843 1815 951 1884 quidem
978 1820 1085 1887 oportet
1107 1816 1209 1880 sortiri,

737 1915 834 1970 posse:
846 1917 901 1970 per
919 1900 993 1970 quod
1003 1905 1092 1954 autem
1103 1900 1161 1954 rell.
1176 1932 1211 1939 -

114 1645 137 1677 ³⁰
153 1645 185 1700 F.
205 1662 255 1700 nec
272 1646 344 1700 valet
359 1647 492 1700 sententia

116 1728 138 1762 ³¹
147 1739 188 1774 ΜΝ·
197 1729 292 1785 Lectio
306 1745 386 1799 quam
395 1730 424 1784 in
435 1735 537 1784 textum
547 1743 621 1783 rece·

155 1814 251 1882 pimus,
269 1815 334 1869 licet
349 1814 546 1881 obscuriorem,
564 1814 622 1868 sine

156 1899 211 1954 ulla
228 1900 358 1955 varietate
376 1900 492 1954 habetur
509 1899 536 1952 in
548 1899 621 1954 F.L.

155 1984 185 2037 P.
202 1984 243 2050 V,
267 1989 295 2039 et
319 1984 353 2039 ad
371 1985 481 2039 verbum
498 1984 622 2038 convenit

157 2084 215 2123 cum
239 2070 293 2124 loei
310 2068 477 2124 Aristoteliei
498 2068 620 2123 versione

157 2153 275 2221 antiqua.
289 2154 385 2209 -Pro
404 2156 547 2208 terminum
563 2170 621 2208 esse

114 2304 117 2310 Ι
156 2237 189 2292 Η.
207 2239 316 2293 exhibet
334 2239 461 2294 tibirrsr‘rrr'
477 2244 524 2292 est.
540 2268 570 2277 -
581 2237 620 2292 M.

156 2322 243 2377 omitit
268 2321 464 2395 Philosophum,
494 2326 522 2376 et
548 2322 623 2392 quod

157 2407 264 2476 quidem
272 2415 379 2478 oportet
387 2409 481 2462 sortiri
493 2406 620 2461 -Paulo

155 2491 235 2546 latius
254 2491 338 2546 distat
346 2493 378 2545 A.
393 2492 460 2547 dicit
476 2493 546 2546 euim
556 2491 622 2546 ΡΜ-

155 2575 375 2647 Iosophussuper
389 2576 441 2631 ltoe
456 2577 532 2646 falso
540 2577 623 2647 syllo-

154 2663 241 2733 pismo
265 2663 379 2716 sortitur
410 2661 485 2732 quod
513 2661 621 2732 quidem

154 2751 262 2816 oportet
280 2763 334 2817 per
357 2747 433 2817 quod
455 2752 543 2800 autem
563 2747 620 2800 rell.

154 2861 188 2869 —
210 2830 295 2885 Editt.
319 2830 483 2899 antiquiores
506 2830 620 2886 habent:

154 2913 229 2970 Dicit
252 2915 322 2968 erutor
345 2915 394 2969 sed
422 2920 448 2968 et
471 2914 523 2970 boe
545 2915 621 2984 falso

152 3000 325 3070 syllopr'smo:
343 2999 452 3063 Sortiri,
471 2999 546 3070 quod
563 3000 622 3070 qui-

153 3084 214 3138 dem
249 3089 357 3155 oportet
389 3085 494 3148 sortiri,
528 3085 625 3138 sortiri

740 1983 914 2039 Bonnmnnus
924 2001 1010 2054 nuper
1022 1984 1151 2053 conjecit:
1171 1985 1210 2039 ut-

740 2070 777 2123 eit
803 2070 873 2122 enim
900 2071 928 2123 ire
951 2077 1031 2124 sexto
1062 2068 1101 2124 ad
1126 2069 1209 2124 Nico·

739 2152 870 2220 oraclum,
888 2154 965 2223 falso
983 2154 1082 2225 spltop.
1100 2155 1158 2208 rell.

701 2238 724 2270 ³¹¹
742 2237 779 2291 A.
796 2238 830 2291 Η.
851 2269 878 2277 -
896 2238 928 2291 F.
945 2238 983 2292 M.
994 2239 1024 2293 P.
1037 2240 1069 2293 V.
1089 2242 1117 2293 et
1134 2239 1208 2293 editt.

741 2322 843 2391 antiqu.
871 2321 942 2376 Nem
969 2324 994 2377 se⁸
1022 2340 1060 2377 ex
1082 2323 1209 2395 spllopr's-

741 2408 792 2460 mis
814 2435 847 2445 -
872 2407 904 2459 L.
923 2407 995 2461 Nam
1018 2409 1044 2461 ri
1063 2423 1101 2462 ece
1116 2407 1209 2478 pltr'lo-

741 2489 835 2561 sopitis
859 2522 893 2530 —-
919 2491 990 2546 Nam
1016 2493 1042 2546 εἰ
1066 2508 1104 2547 ex
1125 2492 1210 2562 salsis

740 2576 913 2646 syllopr'smr'r,
931 2575 1012 2644 quod,
1036 2592 1118 2645 quum
1135 2577 1209 2631 Fici-

740 2676 805 2713 num
815 2660 854 2712 ita
864 2659 991 2716 habuisse
1000 2661 1123 2728 viderem,
1137 2677 1208 2716 eom-

740 2744 935 2812 mendaveram,
947 2745 976 2799 in
990 2751 1093 2799 textum
1106 2747 1210 2816 recepit

739 2828 876 2883 Fraticell.

689 2913 721 2978 ³⁰,
733 2913 756 2946 ³⁷
766 2913 798 2968 L.
811 2914 933 2984 requitur
942 2931 980 2970 ex
993 2914 1165 2987 pbilosophis
1173 2917 1209 2970 si-

740 2999 899 3068 prrifieotum
917 3002 976 3054 veri
991 3000 1057 3055 berte
1077 3017 1152 3071 sequ.
1171 3018 1209 3057 ex

740 3085 827 3155 stpnts
844 3101 915 3154 quoe
936 3090 1000 3140 stent
1022 3087 1103 3157 sr‘prte
1116 3085 1208 3158 pbilo-

153 3174 270 3240 oportet,
285 3186 338 3239 per
356 3169 430 3239 quod
447 3173 536 3222 autem
554 3168 620 3233 rell,
651 3170 653 3173 ’
740 3167 822 3239 sopbr'

153 3268 240 3323 neque
258 3254 336 3308 aliter
353 3253 476 3308 Turrius.
487 3284 517 3292 —
530 3253 620 3307 Frati-
699 3253 722 3285 ³⁸
738 3253 769 3306 P.
788 3252 860 3308 Num
877 3255 904 3308 εἰ
917 3255 1055 3324 fur—M.
1072 3253 1208 3326 Utbujus-

153 3339 254 3403 cellius,
275 3337 459 3406 conjecturam
476 3337 565 3391 olima
578 3352 619 3391 me
740 3337 827 3392 modi:
844 3339 896 3408 fur

153 3474 177 3506 ³¹
195 3473 380 3528 Amsrornms
398 3473 462 3527 Eth.
481 3473 585 3526 Nicom.
604 3472 650 3525 VI.
670 3477 710 3526 10.
730 3477 774 3539 (ex
791 3490 859 3528 vers.
877 3478 956 3536 vett:
993 3474 1128 3540 „Eubulia
1148 3516 1153 3527 .
1175 3516 1179 3526 .
1202 3516 1207 3529 .

73 3540 229 3600 consilium
247 3541 381 3611 quoddam
401 3583 406 3594 .
427 3580 433 3593 .
454 3584 459 3594 .
480 3583 485 3594 .
504 3539 648 3595 Rectitudo
665 3542 796 3609 quaedam
813 3549 854 3596 est
874 3544 983 3597 eubulia
998 3542 1102 3596 consilii
1122 3584 1127 3594 .
1149 3583 1154 3595 .
1175 3584 1181 3596 .
1202 3585 1206 3594 .

74 3602 162 3667 Talis
184 3609 318 3664 rectitudo
343 3609 448 3665 consilii
472 3609 592 3674 eubulia,
618 3624 687 3677 quae
711 3610 775 3665 boni
796 3610 928 3679 adeptiva.
965 3610 1017 3665 Sed
1043 3616 1084 3664 est
1108 3616 1135 3663 et
1154 3609 1207 3666 hoc

71 3672 155 3736 falso
174 3678 335 3747 syllogismo,
355 3684 381 3731 et
399 3677 470 3745 quod
488 3677 595 3744 quidem
614 3681 721 3746 oportet
737 3677 828 3732 iacere
844 3679 944 3743 sortiri,
962 3694 1010 3748 per
1028 3678 1100 3746 quod
1117 3682 1208 3731 autem

73 3756 147 3809 non,
165 3746 214 3802 sed
231 3746 331 3800 falsum
348 3746 465 3800 medium
481 3745 623 3799 terminum
641 3750 727 3799 esse.“
769 3745 810 3799 Cf.
830 3746 955 3799 Turonum
972 3748 1142 3808 Aonmionn
1168 3745 1207 3800 ibi

74 3809 165 3872 lectio
192 3814 279 3868 Vni:
317 3813 515 3880 ,Manifestum
548 3818 602 3876 est,
636 3813 709 3882 quod
734 3829 790 3867 non
816 3813 914 3867 dicitur
941 3817 1014 3868 recte
1042 3813 1206 3882 syllogizare,

77 3885 241 3954 quiveram
264 3882 465 3937 conclusionem
488 3897 537 3949 per
559 3881 658 3935 falsum
675 3880 791 3935 medium
809 3881 997 3943 concluderet:
1021 3881 1093 3936 unde
1112 3897 1206 3936 conse-

79 3967 169 4022 quens
189 3955 242 4017 est,
261 3950 333 4018 quod
349 3966 403 4005 non
422 3950 456 4004 sit
473 3965 535 4004 vere
553 3949 676 4014 eubulia,
700 3948 848 4003 secundum
866 3965 946 4016 quam
962 3950 1059 4017 aliquis
1078 3950 1122 4004 adi
1142 3949 1206 4004 isci-

78 4021 127 4076 tur
145 4020 229 4073 finem
246 4035 325 4086 quem
342 4024 458 4086 oportet,
475 4024 634 4072 nouantem
651 4032 700 4085 per
716 4017 786 4071 viam
794 4033 843 4085 per
861 4033 941 4086 quam
954 4022 1086 4086 oportet.“
1139 4033 1207 4086 onge

81 4088 185 4142 clarius
204 4087 262 4141 sine
281 4085 362 4140 dubio
380 4101 436 4140 rem
454 4085 563 4154 exponit
580 4085 824 4140 versianauaaor
837 4085 988 4139 Funerum:
1008 4085 1099 4152 „Fieri
1116 4090 1207 4140 tamen

83 4161 190 4224 potest,
218 4162 249 4207 ut
269 4154 354 4208 falsa.
368 4154 573 4208 ratiocinatione
603 4155 704 4208 bonum
730 4168 919 4221 assequamur3
949 4169 999 4222 per
1023 4154 1094 4222 quod
1116 4159 1206 4208 tamen

85 4230 204 4293 oportet,
224 4238 278 4276 non
295 4237 484 4290 assequamur,
503 4222 551 4277 sed
568 4221 671 4276 medius
689 4221 818 4276 terminus
836 4222 922 4276 falsus
940 4223 1002 4276 sit.“
