2902 4874
160 330 162 333 ·
194 295 235 357 56
443 361 446 368 ,
502 298 874 355 DANTISMONAROHIA
890 299 924 353 Π.
945 299 1016 355 (λδ.

193 471 265 538 simi
287 491 385 540 verae
406 472 563 540 libertatis
585 472 723 538 auctoris
744 472 868 538 Marci
898 470 1080 536 Catonis:
1110 490 1249 552 'quorum
1272 473 1318 536 al-

140 592 174 643 95
193 575 253 642 teri
274 596 332 660 pro
355 575 459 641 salute
480 574 604 658 patriae
619 574 729 640 mortis
751 573 898 641 tenebras
919 594 982 639 non
997 572 1199 656 horruerunt3
1225 573 1317 656 alter,

193 681 228 741 ut
250 674 368 742 mundo
390 676 548 743 libertatis
569 695 694 742 amores
713 675 915 757 accenderet,
939 673 1050 757 quanti
1071 673 1206 740 libertas
1230 680 1317 742 esset

194 777 348 861 ostendit,
371 776 486 843 dume
509 777 577 843 vita
597 777 679 842 liber
695 776 850 844 decedere
872 775 994 859 maluit,
1018 794 1114 857 quam
1128 775 1198 843 sine
1221 777 1315 842 bber-

192 885 259 945 tate
281 899 410 945 manere
432 879 466 943 in
486 878 552 945 illa.
598 877 720 944 Horum
742 879 881 946 omnium
908 897 1023 943 nomen
1053 879 1215 961 egregium
1227 900 1317 947 xvoce

193 981 324 1047 Tullii
352 979 535 1063 recalescit,
569 980 603 1044 in
631 980 670 1045 iis
700 1000 782 1064 quae
813 980 854 1048 de
880 968 961 1046 Fine
990 980 1158 1047 Bonorum.
1210 981 1319 1063 Inquit

127 1101 176 1152 100
196 1083 279 1150 enim
294 1082 420 1147 Tullius
442 1081 503 1148 hcc
525 1080 565 1147 de
580 1082 703 1148 Deciis:
726 1082 879 1166 „Publius
894 1082 1028 1166 Decius,
1051 1083 1199 1167 princeps
1221 1082 1256 1146 in
1278 1103 1319 1148 ea

192 1183 332 1266 familia,
362 1181 495 1267 Consul,
525 1202 622 1265 quum
651 1203 686 1249 se
715 1182 903 1267 devoveret,
936 1187 968 1248 et
998 1202 1080 1264 equo
1114 1184 1255 1250 admisso
1284 1185 1318 1249 in

193 1283 334 1350 mediam
355 1283 458 1373 aciem
479 1285 665 1353 Latinorum
689 1285 846 1368 irruebat,
875 1282 1000 1366 aliquid
1028 1283 1069 1351 de
1097 1286 1319 1370 voluptatibus

138 1457 142 1464 ,
193 1385 258 1451 suis
287 1385 464 1468 cogitabat,
494 1386 549 1451 ubi
578 1407 632 1454 eas
661 1390 804 1471 caperet,
835 1391 890 1449 aul
913 1384 1065 1466 quando?
1101 1406 1198 1469 quum
1220 1388 1316 1454 sciret

193 1487 357 1554 confestim
379 1506 450 1553 esse
464 1487 670 1571 moriendum,
694 1507 827 1569 eamque
849 1491 983 1553 mortem
1005 1486 1184 1553 ardentiore
1207 1489 1313 1556 studio

127 1611 175 1662 105
192 1595 325 1675 peteret,
349 1607 445 1672 quam
459 1589 616 1672 Epicurus
638 1590 837 1676 voluptatem
851 1589 1023 1676 petendam
1044 1590 1194 1673 putavit?
1222 1589 1315 1671 Quod

220 1792 243 1825 ⁹⁴
259 1791 290 1845 P.
308 1822 342 1829 -
364 1790 397 1844 F.
414 1791 474 1846 ueri
496 1791 627 1847 libertatis
644 1823 677 1833 -
695 1791 727 1846 V.
799 1793 832 1828 ¹⁰²
849 1790 962 1846 Turrius
981 1794 1008 1846 et
1026 1791 1126 1846 Fratic.
1153 1796 1249 1846 contra
1271 1807 1315 1845 oo·

261 1876 382 1931 unitatis
404 1875 536 1931 libertatis
564 1908 592 1916 -
621 1876 728 1946 Reliqui
848 1875 938 1930 dicum
955 1876 1159 1942 auctoritatem,
1177 1875 1317 1945 ipsiusque

261 1960 389 2016 omittunt
405 1976 485 2014 uerae
848 1959 985 2015 Ciceronis
996 1963 1242 2017 textumzirrueret
1253 1978 1317 2016 num

276 2044 309 2097 F.
326 2043 361 2097 H.
378 2045 409 2098 L.
427 2043 465 2098 M.
483 2043 514 2097 P.
525 2045 556 2099 V.
576 2047 603 2099 et
616 2044 727 2101 Fieinus
847 2045 953 2115 aliquid

259 2129 500 2184 inversione-A.
508 2134 534 2184 et
543 2130 617 2184 editt.
629 2133 727 2185 tutaris
862 2129 894 2183 F.
912 2130 946 2187 H.
964 2130 998 2184 V.
1017 2131 1202 2188 uoluntatibus

220 2215 243 2248 ⁹⁵
252 2213 284 2268 F.
294 2213 326 2267 L.
334 2214 370 2267 M.
383 2214 414 2267 P.
424 2213 457 2267 V.
468 2243 498 2253 -
508 2215 540 2269 A.
551 2215 666 2269 alterius
670 2232 727 2286 pro
798 2214 833 2248 ¹⁰³
850 2213 894 2268 Ita
912 2215 1068 2284 scripsimus
1087 2232 1147 2271 cum
1163 2216 1258 2272 Ficino
1278 2219 1316 2281 tin

259 2298 458 2353 -H.Ficinus
476 2303 503 2352 et
520 2295 579 2352 edd.
597 2297 727 2368 alterpro
846 2298 895 2353 ebe
911 2300 991 2354 ruodo
1009 2301 1036 2354 ei
1053 2300 1074 2354 li
1084 2302 1231 2373 piqliasse)
1244 2302 1315 2358 Tur·

276 2385 309 2438 L.
329 2383 367 2438 M.
386 2384 417 2437 P.
434 2384 468 2438 V.
488 2413 518 2422 —
541 2382 572 2436 F.
591 2379 729 2436 borruerit
844 2381 885 2437 rio
904 2388 931 2437 et
947 2384 1108 2438 Fran-L.
1127 2390 1154 2440 et
1172 2386 1247 2441 editt.
1266 2402 1314 2442 an·

258 2499 293 2509 -
310 2470 344 2524 A.
363 2472 542 2524 oecumemnt
559 2497 589 2507 -
602 2466 635 2519 H.
654 2465 727 2520 Fici·
844 2467 911 2536 tiqu.
930 2469 979 2524 ubi
994 2486 1052 2524 earn
1076 2502 1109 2510 -
1134 2471 1171 2525 M.
1200 2476 1231 2525 ut
1254 2489 1314 2526 eanr

259 2569 311 2610 nus
330 2557 358 2608 et
375 2552 440 2608 editi
457 2551 566 2607 horruit
843 2583 878 2593 -
896 2553 928 2607 A.
948 2553 996 2609 subi
1011 2556 1091 2609 etiam
1108 2564 1143 2594 -'-
1163 2555 1195 2609 F.
1214 2555 1245 2610 P.
1266 2558 1316 2612 ubi

218 2640 241 2673 ⁹⁰
258 2639 291 2693 In
308 2638 338 2692 P.
357 2637 433 2692 deest
456 2652 563 2691 amores
586 2666 620 2675 -
645 2635 724 2690 Turr.
845 2644 877 2691 ut
893 2655 953 2692 eam
970 2670 1004 2676 -
1028 2639 1060 2693 V.
1079 2640 1135 2694 uisi
1146 2645 1177 2694 ut
1195 2657 1254 2695 eam
1286 2672 1316 2681 -

260 2729 288 2779 et
304 2723 406 2779 Fratis.
424 2737 542 2777 amorem
845 2722 879 2775 H.
898 2722 947 2777 ubi
968 2724 1024 2778 nisi
1045 2729 1076 2777 ut
1092 2741 1151 2779 earn
1175 2725 1319 2794 —Apud

277 2808 309 2862 F.
329 2807 358 2862 P.
378 2806 519 2862 accederet
846 2806 1013 2863 Ciceronem:
1051 2810 1209 2880 aspirabat?
1242 2809 1315 2865 Nam

219 2893 242 2926 ⁰⁸
259 2892 329 2947 Edd.
347 2908 488 2947 remanere
512 2892 540 2946 iu
558 2891 614 2946 illa.
636 2921 669 2930 —
693 2890 725 2944 F.
846 2892 969 2960 ubitam,
979 2894 1062 2948 alias:
1080 2895 1316 2965 cop.?ubiautem

259 2994 330 3031 man.
349 2979 430 3031 etiarn
448 2977 496 3031 illa
846 2993 908 3049 cap.
1144 2972 1146 2974 ’

218 3061 242 3095 ⁰⁹
259 3061 290 3116 L.
308 3061 463 3116 reclareseit
797 3061 831 3094 ¹⁰⁴
847 3061 879 3114 P,
896 3061 930 3115 V,
949 3062 1089 3118 ardentior
1107 3094 1139 3102 —
1157 3065 1189 3119 L.
1208 3065 1248 3120 M.
1266 3083 1317 3121 ar·

211 3148 244 3181 ¹⁰¹
262 3145 295 3200 V.
316 3145 464 3201 Consulem.
498 3143 590 3212 (Apud
607 3142 727 3197 Tullium
846 3144 965 3201 clantiori

261 3229 440 3297 Consulatus.)
798 3230 832 3263 ¹⁰⁵
848 3230 879 3283 F.
898 3230 932 3283 Η.
951 3231 984 3286 V.
1004 3232 1168 3287 uoluntatem

276 3313 311 3368 H.
329 3314 362 3368 L.
380 3313 419 3367 M.
437 3314 467 3368 P.
485 3313 517 3370 V.
539 3329 610 3384 equo
628 3313 727 3368 amisso

260 3501 283 3535 ⁰⁷
302 3500 379 3557 Conl.
397 3502 539 3555 Aucuoms
557 3497 747 3567 Purgulorium
764 3499 785 3552 I.
804 3505 846 3554 71.

463 3584 573 3639 Liberti
591 3622 828 3639 ..........
848 3583 897 3640 ana
914 3585 928 3639 ὲ
945 3585 968 3640 si
986 3602 1068 3653 cara,

465 3653 545 3708 Come
561 3668 592 3706 sa
610 3650 656 3707 abi
666 3668 721 3723 per
739 3652 775 3707 lei
790 3654 846 3708 uita
862 3653 964 3725 rifiutu.

397 3721 438 3776 Tu
456 3723 478 3776 il
492 3723 552 3784 sal;
569 3719 617 3775 else
635 3736 690 3775 non
708 3721 730 3775 ti
744 3721 780 3790 fu
792 3736 847 3791 per
865 3721 901 3776 lei
917 3738 1012 3777 amara

463 3789 498 3844 In
521 3788 596 3845 Utica
615 3789 642 3843 la
658 3793 756 3855 morte,
776 3805 824 3844 oue
842 3789 965 3845 lasciasti

463 3857 504 3912 La
521 3863 595 3912 uesta
612 3855 661 3912 alle
678 3856 709 3911 al
723 3874 795 3928 qrau
813 3856 841 3911 cli
857 3861 923 3912 sard
939 3857 963 3912 si
981 3857 1085 3913 chiara.

191 3941 230 3997 Et
247 3940 402 3996 convivium
419 3943 436 3996 l.
456 3958 494 3996 c.:
519 3941 562 4009 „0
579 3941 763 3996 saeratissimo
778 3945 853 4013 petto
870 3942 901 3997 di
918 3941 1028 4007 Catone,
1046 3941 1092 3997 elli
1102 3946 1268 4013 presrrmerd
1285 3946 1317 4001 di

192 4014 218 4064 te
230 4010 364 4082 pariare?
383 4010 460 4066 Certo
477 4011 690 4082 mappiormente
701 4009 819 4080 pariare
836 4009 868 4064 di
883 4015 908 4063 te
926 4027 981 4064 non
997 4013 1024 4065 si
1033 4014 1103 4083 pud,
1119 4010 1171 4066 elle
1190 4019 1280 4070 tacere
1297 4031 1312 4069 e

191 4079 329 4148 sepulture
345 4077 487 4133 Jeronimo
501 4078 611 4148 quando
628 4078 674 4131 nel
688 4079 811 4148 proemio
829 4076 902 4132 della
920 4078 1027 4143 Bibola,
1047 4080 1074 4133 ld
1091 4078 1159 4134 dove
1176 4081 1209 4136 ali
1224 4082 1311 4137 Paolo

191 4145 427 4268 ffcw'tdmlcl‘f
444 4148 542 4217 meplio
559 4147 573 4200 ὲ
591 4152 694 4210 tacere,
713 4143 848 4216 stepaso
866 4145 953 4199 dire.“
1023 4147 1047 4180 ⁹⁰
1058 4147 1159 4203 Cranno
1177 4149 1211 4205 de
1222 4150 1311 4206 Finib.

211 4228 288 4268 ome
317 4228 377 4266 ma.
424 4218 579 4277 ‚tatoli
