2910 4876
258 287 297 350 so
515 264 649 345 oannis
667 286 887 351 maniacum
904 288 930 342 11
958 287 985 342 o.
1008 291 1044 341 lu.
1064 292 1125 354 uo.)

257 460 392 530 redeunt
414 459 507 543 male,
532 460 607 541 quia
629 461 710 525 bene
734 458 818 543 data,
841 464 874 526 et
895 460 979 535 male
1001 478 1151 544 possessa
1173 464 1254 525 sunt.
1293 459 1384 540 Quid

257 563 301 629 ad
322 566 467 648 pastores
489 562 594 628 tales?
628 560 721 645 Quid,
745 562 773 627 si
786 561 952 638 Ecclesiae
968 561 1147 634 substantia
1162 560 1285 644 diffluit,
1303 560 1384 635 dum

256 664 469 751 proprietates
489 663 740 749 propinquorum
762 681 890 733 suorum
905 663 1145 745 exaugeantur?
1184 663 1250 729 Sed
1271 662 1384 729 forsan

256 767 371 845 melius
393 770 451 848 est,
474 765 672 850 propositum
693 763 858 847 prosequi,
881 771 922 847 et,
945 767 1006 832 sub
1027 767 1081 853 pio
1104 765 1242 848 silentio,
1264 763 1383 841 Salsa..

208 876 239 925 15
257 868 335 948 toris
355 867 455 934 nostri
477 871 648 952 expectare
670 883 858 930 succursum.

340 969 421 1035 Dico
439 986 523 1052 ergo,
546 966 633 1050 quod
655 967 683 1033 si
697 967 873 1032 Romanum
895 965 1062 1049 imperium
1077 967 1117 1035 de
1136 969 1209 1052 jure
1223 988 1286 1033 non
1309 967 1382 1053 fuit,

256 1072 400 1138 Christus
419 1069 578 1136 nascendo
600 1068 815 1154 praesumpsit
837 1067 998 1151 injustum.
1022 1072 1226 1152 Consequens
1249 1075 1299 1134 est
1321 1071 1381 1135 fal-

255 1192 339 1256 sum,
364 1189 439 1254 ergo
463 1170 741 1237 contradictorium
763 1167 981 1235 antecedentis
1005 1171 1054 1234 est
1075 1187 1194 1234 verum.
1234 1171 1380 1236 Inierunt

256 1273 341 1340 enim
363 1292 398 1337 se
420 1273 664 1339 contradictoria
685 1271 822 1337 invicem
844 1291 865 1335 a
887 1270 1044 1337 contrario
1067 1289 1170 1338 sensu.

205 1390 237 1440 20
340 1373 529 1440 Falsitatem
553 1373 775 1456 consequentis
803 1371 846 1436 ad
866 1371 980 1438 fideles
1002 1370 1170 1440 ostendere
1198 1394 1262 1439 non
1284 1396 1379 1460 opor-

255 1481 315 1541 tet:
336 1495 411 1540 nam
433 1475 461 1540 si
482 1472 587 1540 tidelis
611 1475 680 1556 quis
704 1480 767 1558 est,
790 1474 906 1538 falsum
928 1475 989 1540 hoc
1011 1492 1082 1539 esse
1105 1473 1266 1560 concedit,
1296 1482 1330 1542 et
1352 1479 1383 1543 si

254 1599 319 1643 non
341 1575 500 1660 concedit,
525 1574 631 1643 fidelis
653 1597 715 1643 non
738 1581 801 1660 est,
829 1582 860 1642 et
882 1576 911 1642 si
931 1575 1036 1642 tidelis
1057 1597 1121 1642 non
1144 1581 1207 1660 est,
1239 1575 1282 1642 ad
1306 1599 1381 1645 eum

255 1679 336 1745 ratio
359 1679 422 1743 ista
443 1699 507 1744 non
530 1680 698 1760 quaeritur.

342 1779 609 1862 Consequentiam
631 1780 678 1847 sic
699 1779 847 1850 ostendo:
876 1779 1062 1862 Quicunque
1084 1777 1215 1861 aliquod
1238 1779 1380 1848 edictum

87 1898 89 1911 ⁴
206 1903 238 1954 25
257 1903 298 1948 ex
321 1882 476 1948 electione
497 1882 714 1966 prosequitur,
737 1879 819 1944 illud
842 1901 913 1947 esse
931 1880 1054 1965 justum
1070 1901 1170 1965 opere
1188 1883 1378 1966 persuadet:

256 1987 289 2049 et
311 2001 407 2063 quum
430 2004 528 2069 opera
549 1982 813 2069 persuadentiora
837 1982 900 2048 sint
923 2002 1018 2066 quam
1039 2001 1201 2048 sermones
1231 1981 1280 2068 (nt
1303 1986 1378 2051 Phi-

255 2083 390 2169 losopho
412 2085 520 2168 placet
541 2084 574 2149 in
595 2084 715 2149 ultimis
738 2083 781 2149 ad
802 2081 1064 2169 Nicomachum),
1095 2085 1224 2165 magis
1246 2106 1377 2170 persua

256 2185 319 2269 det,
337 2205 432 2268 quam
447 2187 476 2252 si
490 2205 633 2253 sermone
649 2187 850 2271 approbaret.
884 2184 950 2252 Sed
965 2185 1119 2268 Christus,
1134 2191 1169 2250 ut
1184 2187 1292 2253 scriba
1307 2189 1381 2273 ejus

255 2287 384 2353 Lucas
406 2293 548 2370 testatur,
572 2289 631 2353 sub
647 2285 751 2354 edicto
766 2289 929 2354 Romanae
952 2286 1149 2353 auctoritatis
1170 2289 1259 2354 nasci
1274 2291 1378 2357 voluit

283 2456 302 2486 ¹¹
321 2453 372 2508 Hic
399 2454 428 2507 iu
454 2455 577 2510 omnibus
608 2453 683 2509 libris
708 2453 788 2508 Mais
908 2469 978 2522 quae
995 2453 1120 2522 leguntur
1142 2452 1171 2506 in
1188 2453 1221 2507 A.
1239 2456 1271 2509 F.
1290 2457 1325 2512 H.
1344 2458 1375 2512 L.

321 2537 420 2608 legitur
460 2539 621 2594 indicatitus
666 2539 790 2600 (redeam
909 2544 936 2592 et
961 2536 1034 2606 apud
1060 2537 1198 2605 Vicinum,
1226 2539 1325 2597 desunt
1348 2542 1376 2596 in

322 2623 402 2689 male)
420 2652 454 2660 -
467 2623 546 2677 Turr.
566 2623 641 2676 Frat.
663 2639 723 2678 cum
741 2623 787 2677 Fi·
907 2624 947 2677 M.
964 2622 997 2676 V.
1016 2629 1043 2677 et
1060 2621 1119 2677 edd.

323 2709 383 2764 cino
408 2707 520 2762 redeunt
546 2707 616 2761 male
642 2738 675 2747 -
701 2708 733 2761 V.
762 2712 789 2762 et
866 2709 890 2741 ²¹
907 2709 960 2762 Pro
983 2707 1021 2762 ud
1042 2724 1118 2772 eum,
1143 2708 1217 2776 quod
1232 2710 1332 2778 legitur
1346 2711 1378 2773 in

188 2854 195 2864 .
321 2794 436 2847 redeunt
451 2793 521 2846 male
909 2793 1040 2857 omnibus,
1059 2790 1373 2856 eddhabentsedabeo

283 2879 304 2911 ¹¹
320 2879 353 2930 A.
372 2878 403 2930 F.
423 2876 457 2931 H.
475 2876 507 2931 L.
526 2876 672 2947 Vndesluit
769 2925 771 2927 ,
868 2879 891 2911 ¹¹
908 2878 940 2931 F.
958 2878 996 2931 M.
1013 2876 1046 2930 V.
1066 2876 1264 2946 Consequentia

338 2962 373 3015 H.
392 2961 535 3022 damnando
868 2964 890 2996 ²¹
908 2963 941 3015 A.
961 2963 991 3016 F.
1009 2962 1044 3014 H.
1062 2961 1094 3014 L.
1112 2960 1144 3014 V.
1171 2992 1206 2998 —
1229 2962 1267 3016 Μ.
1294 2980 1373 3035 apere

283 3046 303 3079 ¹³
320 3047 420 3115 forsan
447 3063 502 3100 non
519 3047 616 3115 legitur
634 3047 662 3103 in
680 3047 739 3102 cod.
758 3048 787 3101 F.
903 3046 1134 3119 persuadentium
1152 3063 1234 3116 quum
1252 3077 1287 3088 -
1303 3048 1371 3104 Edd.

284 3132 304 3163 ¹⁷
322 3130 365 3183 lta
379 3131 412 3183 A.
430 3130 463 3183 F.
481 3130 516 3183 H.
534 3131 566 3184 L.
576 3130 613 3183 M.
636 3136 663 3184 et
677 3131 788 3186 Ficinus
907 3149 992 3202 opero
1009 3132 1098 3202 napis
1114 3129 1249 3185 suadeant
1267 3149 1349 3202 quam

250 3207 253 3210 ⁴
322 3243 356 3252 -
373 3213 443 3268 Edd.
462 3215 563 3283 antiqu.
589 3216 738 3285 injustum
763 3223 789 3269 et
865 3216 889 3248 ²⁵
905 3216 975 3279 Edd.
994 3218 1056 3287 ejus
1072 3215 1162 3270 saida

323 3314 396 3352 cous.
419 3328 454 3341 -
478 3298 558 3352 Turr.
583 3301 610 3353 et
627 3298 702 3353 Frat.
720 3300 788 3369 inj.;
865 3300 889 3334 ³⁰
906 3303 938 3354 A.
949 3301 1038 3356 verbis
1048 3300 1126 3354 nasei
1133 3299 1218 3354 uoluit
1231 3305 1294 3369 post
1302 3302 1373 3365 lacu·

322 3389 351 3437 at
368 3398 441 3436 cons.
907 3400 969 3439 nam
992 3400 1075 3454 supra
1096 3401 1123 3453 p.
1144 3388 1176 3437 74
1199 3401 1222 3438 r.
1248 3388 1281 3439 35
1305 3387 1372 3442 indi·

283 3468 354 3521 19Η.
375 3467 414 3521 M.
433 3468 544 3522 inuicem
562 3468 701 3521 eorrtrarr'o
907 3475 994 3524 catam
1011 3468 1098 3540 pergit
1116 3466 1174 3523 cod.
1192 3468 1283 3524 Palat.

281 3553 305 3586 ²²
320 3553 413 3608 Verba
438 3558 464 3605 et
490 3553 515 3605 si
542 3551 631 3620 fidelis
657 3568 711 3606 non
739 3559 787 3619 est,

324 3690 345 3722 ¹³
362 3687 429 3743 Vide
446 3686 604 3742 Paradisum
621 3689 762 3742 Auoroers
779 3687 865 3741 XXII.
885 3691 924 3741 82.

459 3811 465 3824 .
500 3813 506 3825 .
544 3814 549 3825 .
585 3809 607 3844 ·,
628 3778 805 3843 quantunque
823 3772 850 3826 la
867 3771 957 3828 chiesa
994 3773 1096 3837 nardo,
1115 3777 1184 3828 tutto

467 3886 470 3890 ,
520 3839 550 3894 *E
566 3840 638 3895 della
655 3852 736 3911 pente
752 3842 801 3896 alte
814 3857 868 3911 per
886 3841 939 3895 Dio
975 3842 1107 3905 ornandas

526 3909 589 3964 Non
608 3909 639 3963 aa·
649 3911 775 3979 parenni,
792 3913 825 3965 ne
842 3908 939 3963 daltro
951 3911 1005 3980 piu
1022 3911 1121 3966 brutto.

256 3992 486 4047 ¹¹An1sror1rnns
504 3993 761 4047 Ethic.Nicomach.
776 3993 810 4046 X.
827 3998 848 4046 1.
867 3993 969 4056 (transl.
989 3999 1052 4050 autt
1072 3993 1285 4059 „Consmientes
1303 3994 1372 4048 enim

254 4066 330 4114 entes
357 4060 484 4128 operibus
511 4062 675 4115 creduntur“
702 4065 867 4125 (sermones).
912 4060 1029 4115 Turonas
1045 4062 1171 4125 Aomnas
1196 4060 1247 4116 ibi:
1276 4062 1372 4129 ,‚Ciroa

254 4127 374 4182 actiones
392 4133 420 4182 et
439 4130 578 4197 passiones
597 4129 728 4183 humanas
745 4128 833 4182 minus
852 4127 971 4183 creditur
994 4130 1162 4185 sermonibus
1186 4145 1267 4197 quam
1284 4129 1370 4202 operi·

254 4193 332 4249 bus.“
369 4195 409 4248 of.
428 4212 512 4265 supra
528 4197 575 4251 lib.
593 4196 614 4249 Ι.
633 4211 691 4265 cap.
713 4201 751 4250 13.
770 4213 796 4265 p.
816 4200 857 4250 23.
928 4196 952 4228 ²⁹
968 4196 1076 4252 Erana.
1095 4198 1192 4253 arom
1209 4202 1233 4253 2.
1252 4215 1276 4254 v.
1296 4204 1318 4253 1.
