2896 4876
531 278 815 336 PROLEGOMENA.
1119 278 1238 335 XXXIX

124 454 272 545 habilius,
312 479 407 549 quam
444 455 476 524 iu
512 465 649 549 utroque
684 478 781 550 opere
817 454 953 525 eandem
989 450 1084 546 bujus
1120 451 1239 523 silentii

122 583 276 653 rationem
320 605 520 677 supponere:
560 592 706 677 tempora
747 581 869 652 scilicet
901 580 1158 676 Imperatorum,
1199 578 1239 648 de

78 800 80 805 Ι
121 710 214 781 rebus
241 708 359 781 ltalicis
388 708 465 779 nihil
489 699 745 799 'curantiu1n,³⁷)
775 708 922 780 nondum
951 706 1062 779 finital

217 836 254 907 ln
298 837 399 932 eapite
444 836 537 906 tertio
581 835 653 906 libri
697 836 830 906 secundi
877 835 1033 907 babemus
1072 843 1239 905 auctorem

121 976 268 1036 nostrum
298 965 478 1036 dicentem:
522 960 687 1053 „Constat
714 963 798 1057 quod
830 962 944 1033 merito
971 961 1098 1033 virtutis
1126 961 1241 1031 nobili·

119 1103 229 1164 tantur
264 1092 430 1188 homines:
464 1090 590 1160 virtutis
616 1089 765 1161 videlieet
799 1091 963 1187 propriae,
990 1088 1038 1159 vel
1066 1086 1238 1180 majorum.

116 1219 176 1292 Est
210 1219 298 1290 enim
336 1217 485 1288 nobilitas
511 1217 611 1288 virtus
649 1228 680 1287 et
707 1217 833 1288 divitiae
867 1217 1028 1312 antiquae,
1050 1213 1139 1309 juxta
1167 1213 1242 1286 Pbi·

114 1347 293 1443 losopbum
326 1345 359 1415 in
386 1343 530 1416 Politicis
557 1355 589 1415 et
617 1342 706 1438 juxta
734 1344 921 1416 Juvenalem
1042 1344 1131 1428 Quae
1158 1343 1240 1414 duae

113 1473 297 1545 sententiae
331 1473 369 1543 ad
406 1472 507 1544 duas
541 1473 791 1544 nobilitates
825 1472 952 1562 dantur,
980 1471 1144 1566 propriam
1180 1470 1241 1540 sci·

112 1600 209 1692 lieet,
249 1610 282 1671 el
315 1598 507 1694 majorum.“
558 1600 625 1671 lam
660 1601 692 1671 in
730 1600 815 1671 notis
848 1599 886 1671 ad
921 1600 1009 1669 bunc
1042 1598 1149 1669 locum
1186 1597 1240 1667 de-

115 1728 390 1818 monstravimuS,
419 1727 555 1799 Dantem
573 1729 605 1799 in
624 1726 777 1800 Convicio
805 1751 946 1797 eorum
975 1725 1160 1821 opinionem
1189 1748 1241 1795 ve·

116 1855 291 1925 bementer
310 1855 514 1951 impugnare,
542 1856 596 1950 qui
616 1867 742 1951 praeter
758 1855 900 1951 propriis
920 1854 1044 1925 meritis
1063 1853 1240 1949 quaesitam

113 1983 270 2071 alteram,
311 1979 504 2051 hereditario
544 1979 616 2074 jure
657 2008 674 2053 a
708 1951 972 2078 progenitoribus
1014 1980 1240 2052 transmissam

116 2109 319 2181 nobilitatem
339 2118 493 2179 statuunt.
546 2109 651 2193 Quam
671 2110 863 2181 sententiam
883 2109 917 2180 in
936 2108 1081 2180 versibus
1103 2107 1241 2180 Comoe-

116 2238 187 2308 diae
206 2260 224 2306 a
243 2235 337 2307 nobis
363 2235 510 2306 adductis
536 2235 646 2307 leviter
672 2236 868 2328 immutans,
895 2235 1120 2308 hereditariam
1151 2237 1241 2309 nobi·

117 2363 258 2454 litatem,
300 2363 362 2433 nisi
397 2361 526 2458 propria
570 2362 686 2434 virtute
720 2363 832 2434 sedulo
867 2362 1051 2457 adjuvetur,
1084 2364 1122 2434 ad
1159 2365 1241 2435 nibi-

119 2491 185 2561 lum
215 2491 317 2584 redigi
351 2489 403 2561 ait.
454 2488 624 2560 Leviter
658 2490 745 2560 dico:
780 2489 943 2561 simillima
972 2491 1058 2561 enim
1087 2491 1126 2561 iis
1158 2516 1239 2591 quae

121 2617 271 2712 leguntur
298 2617 331 2687 in
347 2615 500 2688 Paradiso
528 2627 604 2687 sunt
639 2616 733 2688 verba
753 2615 897 2688 Convivii
925 2613 989 2716 (1V.
1010 2611 1056 2715 7).
1102 2616 1241 2701 „Ouella'

121 2718 188 2814 ebe
211 2744 268 2815 dal
299 2743 406 2838 padre
434 2767 451 2813 o
479 2744 522 2813 du
549 2743 668 2814 nlcrrno
703 2769 763 2815 ouo
795 2745 963 2837 maggiore
991 2743 1026 2814 di
1053 2743 1196 2814 sebintto
1223 2744 1240 2813 d

121 2871 310 2960 nobilitato,
348 2895 364 2939 e
398 2864 675 2965 non'perseveru
701 2872 737 2940 in
763 2870 891 2965 perella,
926 2895 991 2941 reon
1018 2871 1196 2942 solamente
1224 2871 1240 2941 d

121 2999 200 3085 uile,
238 3024 292 3069 rno
319 2997 498 3082 vilissimo,
537 3021 553 3068 e
587 2999 690 3091 degne
719 2997 828 3090 d'opnl
862 2997 1004 3092 dispctto
1032 3021 1048 3068 c
1075 2999 1239 3094 vituperio

120 3127 176 3219 plia
213 3126 271 3196 ebe
305 3125 392 3196 ultro
427 3125 587 3195 villeno.“
632 3125 695 3209 Qui
722 3124 821 3219 igitur
848 3122 1038 3197 Conuiuium
1075 3127 1173 3198 libros
1201 3127 1240 3197 de

122 3252 306 3325 lllonarcbia
338 3253 552 3348 praecessisse
586 3252 715 3342 dicunt,
750 3252 911 3322 declinare
945 3264 1127 3348 nequeunt,
1162 3254 1238 3349 quin

122 3391 276 3471 statuant,
315 3379 452 3451 liantem
481 3381 692 3470 sententiam,
730 3380 1058 3479 olimseverioribus
1085 3381 1189 3452 verbis
1222 3406 1240 3452 a

121 3533 153 3579 se
187 3506 358 3602 rejectam,
387 3507 476 3577 etin
504 3506 674 3596 Paradiso,
707 3507 791 3602 quod
827 3507 859 3578 in
897 3509 1027 3579 ultimos
1055 3509 1135 3579 vitae
1163 3533 1239 3579 suae

122 3659 223 3706 annos
257 3635 357 3725 cadit,
394 3635 512 3731 pariter
535 3634 767 3729 Vreprrobatam,
802 3636 909 3706 medio
945 3637 1030 3706 inter
1065 3647 1238 3730 utrumque

123 3787 201 3859 opus
229 3774 392 3858 tempore,
419 3761 508 3856 quasi
536 3771 623 3832 extra
653 3763 904 3832 controversiam
934 3763 1087 3858 positam,
1116 3761 1239 3857 simpli·

123 3889 199 3960 citer
225 3889 406 3961 tradidisse.

222 4016 367 4086 Eandem
387 4015 544 4111 temporis
562 4015 827 4087 consecutionem
843 4015 951 4086 innuit
965 4015 1061 4085 etiam
1078 4015 1236 4085 laetorum

205 4182 233 4246 ³⁷)
252 4180 364 4235 Conviv.
383 4180 431 4233 1v.
450 4183 473 4245 3,
492 4179 553 4234 coll.
571 4179 684 4247 Purgat.
703 4178 749 4234 VI.
768 4185 809 4234 97.
