2896 4876
179 311 182 315 ’
214 295 278 362 XVI
635 302 919 362 Pltonnuonnrut.

215 506 300 554 anuo
332 481 427 553 1859
462 481 622 553 auctionis
656 481 728 574 lege
755 480 897 552 Londini
924 504 1043 552 venum
1071 482 1194 574 ivit12),
1234 506 1361 578 quem·

217 620 251 680 ut
286 610 364 680 mihi
400 632 587 705 quaererem
624 619 763 702 quatuor
795 608 948 679 librarum
978 608 1233 681 britannicarum
1261 633 1334 705 pre·

216 738 297 808 tium
335 737 454 826 obtuli,
488 737 519 807 id
555 736 651 807 ctiam
686 735 827 825 addens,
863 746 912 826 ut,
946 736 972 806 si
1001 737 1051 807 cui
1081 739 1333 833 competitorum

217 864 388 960 opuscula,
423 865 455 935 in
491 863 605 934 eodem
634 862 799 932 volumine
826 885 901 932 cum
931 862 1122 935 Monarchia
1150 863 1334 958 conjuncta,

217 1015 312 1063 curae
338 1001 457 1080 essent,
485 1014 537 1061 me
555 1014 601 1078 ea,
628 990 724 1059 etiam
745 989 855 1083 gratis,
873 989 919 1059 illi
940 991 1055 1063 cedere
1082 1018 1154 1065 esse
1172 1004 1333 1089 paratum.

217 1118 282 1190 Sed
322 1120 469 1190 vicerunt
508 1141 587 1212 opes
628 1116 837 1188 britannicae.
909 1117 1083 1200 Quomodo
1133 1121 1215 1193 liber
1255 1121 1333 1192 baro

216 1247 351 1318 Tnouas
369 1247 530 1334 Panum,
557 1267 642 1315 anno
663 1245 883 1340 praeterlapso
903 1245 1087 1338 defunctus,
1113 1248 1223 1339 libros,
1251 1273 1335 1345 quos

215 1373 431 1469 undequaque
480 1381 733 1460 commercatm,
783 1370 986 1444 llliddlehillii
1034 1377 1257 1466 coacervabat,
1303 1387 1336 1446 et

217 1501 333 1597 quibus
366 1501 399 1570 in
436 1501 601 1571 literarum
635 1499 776 1569 fructum
814 1498 858 1569 uti
888 1500 955 1596 ipse
992 1525 1057 1572 non
1084 1503 1223 1594 valebat,
1257 1502 1335 1573 viris

216 1629 320 1699 doctis
352 1627 578 1723 praecluserit,
611 1650 709 1697 nemo
745 1626 859 1697 harum
895 1651 1007 1697 rernm
1045 1630 1166 1725 peritus
1202 1632 1334 1726 estqui

216 1756 367 1826 nesciret.
445 1754 626 1850 Quidquid,
660 1778 698 1824 eo
733 1754 873 1844 vivente,
908 1757 1115 1847 tentaverim,
1152 1781 1332 1852 numquam

216 1883 390 1978 impetrare
419 1882 519 1978 potui,
546 1893 580 1954 ut
613 1882 734 1953 codicis
761 1879 977 1973 Monarchiae,
1004 1907 1101 1980 quem
1130 1885 1210 1955 mihi
1237 1910 1337 1980 prae·

218 2009 377 2105 ripnerat,
404 2033 468 2080 non
498 2009 568 2080 dico
596 2009 736 2102 diligens
764 2008 901 2099 collatio,
928 2009 986 2080 sed
1013 2012 1193 2082 accuratior
1220 2014 1334 2085 rtotitia

144 2120 149 2127 ¹
219 2161 348 2208 mecum
387 2137 696 2208 communicaretur.
758 2134 827 2206 Hoc
870 2137 1080 2208 collectorum
1118 2161 1222 2232 genus
1258 2164 1334 2212 cum

216 2274 346 2337 anctore
362 2274 474 2334 nostro
480 2264 717 2361 „perniciosam
733 2264 944 2358 voraginem“
957 2265 1030 2359 quis
1045 2264 1169 2356 dixerit,
1182 2292 1336 2363 „semper

217 2392 483 2486 ingurgitantem,
509 2401 541 2463 et
567 2414 735 2486 nunquam
763 2390 958 2485 ingurgitata
988 2392 1251 2466 relundentem.“

319 2519 384 2590 Sed
413 2519 498 2590 diem
533 2518 612 2590 obiit
638 2541 848 2612 supremum,
877 2530 908 2589 et
934 2519 986 2591 vix
1012 2520 1205 2611 decesserat,
1232 2547 1334 2618 quum

219 2647 298 2717 laeta
318 2646 542 2718 crebrescebat
560 2646 662 2736 fama,
692 2670 837 2734 ornnem,
856 2670 951 2740 quam
972 2647 1156 2741 reliquerat,
1175 2649 1335 2722 librorum

220 2774 348 2868 copiam
391 2774 484 2867 legati
528 2773 661 2844 nomine
703 2773 736 2843 in
780 2773 963 2844 dominium
997 2772 1118 2845 Musaei
1156 2768 1337 2850 Britannici

220 2902 366 2972 cessisse.
412 2900 527 2995 Longe
545 2911 653 2971 mmen
674 2924 768 2971 secus
788 2925 839 2970 res
867 2925 901 2970 se
931 2901 1051 2972 habuit.
1097 2903 1217 2997 alperto
1245 2906 1334 2976 enim

303 3133 332 3199 ¹²)
359 3132 384 3186 S.
408 3134 503 3189 Lmen
522 3133 659 3189 Soranus·
685 3132 739 3186 and
757 3131 835 3186 Joun
858 3132 1040 3200 Wrnxlnson,
1064 3134 1211 3201 catalogue
1235 3136 1268 3190 of
1289 3137 1337 3192 the

217 3227 423 3295 extraordinary
433 3226 576 3281 collection
594 3224 625 3279 of
632 3224 757 3294 splendid
776 3226 965 3294 mancrscripts,
982 3225 1088 3282 formed
1108 3229 1145 3298 hy
1158 3228 1336 3286 Guumrcmro

217 3321 309 3373 Luam.
344 3320 555 3374 Lond0n1859.
590 3318 689 3372 March.
709 3318 739 3371 Ρ.
759 3324 798 3372 55.
823 3318 873 3373 No.
892 3325 950 3375 236.
986 3301 1142 3388 „Onasums
1162 3321 1270 3382 (iacobi
1290 3326 1336 3389 de)

217 3415 307 3467 Lmaa
326 3414 547 3469 superuacua
566 3412 751 3477 scaccorum,
770 3413 905 3480 „Explicit
914 3414 996 3469 Liber
1014 3415 1048 3468 dc
1059 3414 1179 3469 Moribus
1189 3415 1336 3472 Hominum

216 3511 244 3562 et
262 3502 363 3561 offitiis
382 3506 512 3560 nobilium
532 3512 559 3560 et
576 3506 748 3575 popularium
768 3522 851 3573 snper
865 3507 943 3561 Ludo
954 3507 1135 3562 scacchorum
1153 3508 1213 3562 Deo
1233 3512 1338 3577 gratias

218 3603 344 3654 Amen‘.“
368 3630 402 3638 -
425 3599 538 3653 Danais
556 3599 726 3654 Annonnrur
744 3600 789 3653 Du
807 3600 976 3656 Fnoanurm
994 3602 1086 3656 Lmna
1107 3601 1284 3657 nusiacum
1302 3635 1338 3644 -
1422 3626 1424 3630 ’

217 3695 309 3747 Lunna
324 3694 440 3757 Focari,
458 3692 570 3760 Incipit:
589 3693 752 3759 ‚„‚Morihns
770 3699 798 3747 et
810 3693 873 3748 Vita
891 3694 1013 3763 quisquis
1033 3694 1093 3748 vult
1110 3708 1170 3748 esse
1188 3695 1310 3752 facetns“
1321 3702 1339 3732 “

216 3816 250 3827 —
267 3787 313 3841 Du
332 3787 431 3841 ornan
449 3782 647 3853 Acmonnnn,
665 3786 764 3854 Incipit
782 3786 921 3850 „Nomina
939 3789 1179 3842 instrumentorum
1197 3789 1338 3846 astrolabii

220 3883 327 3935 sunt.““
365 3884 425 3934 lto.
444 3879 519 3935 Sacc.
539 3881 614 3944 XIV,
635 3897 670 3935 on
688 3881 798 3934 vellum.

269 3981 292 4040 „.
303 4013 308 4025 .
374 3976 427 4027 Tho
437 3977 506 4027 work
517 3976 546 4027 of
553 3978 647 4027 Daurn
666 3993 699 4025 on
716 3978 854 4042 Monarchy
872 3978 893 4026 is
911 3977 939 4027 ol
955 3976 983 4026 os
998 3977 1040 4026 the
1058 3979 1137 4026 rarcst
1155 3992 1291 4028 occurcnce
1308 3978 1337 4028 in

267 4069 431 4134 manuscript,
449 4085 475 4119 aa
493 4070 514 4119 it
529 4071 551 4120 is
568 4074 613 4122 not
630 4070 775 4120 mentioned
792 4070 820 4119 iu
837 4072 880 4121 tho
899 4069 1035 4133 natuogus
1053 4069 1225 4120 Bibliothecae
1242 4071 1338 4134 Regiae

267 4161 423 4226 Parisiensis,
442 4180 470 4214 or
487 4163 622 4215 iuHaenel
640 4164 696 4213 who
714 4163 793 4214 found
811 4162 870 4229 only
888 4179 902 4213 a
919 4162 1070 4214 translation
1089 4163 1117 4214 ol
1132 4163 1153 4213 it
1170 4163 1225 4213 into
1242 4163 1337 4215 Italian

268 4256 352 4318 (dated
372 4257 447 4317 1462)
466 4258 492 4306 in
512 4259 553 4309 tha
571 4256 712 4308 Escuricl.“
