2910 4876
396 319 532 378 DANTIS
550 320 769 377 MONARCHIA
785 320 833 378 111.
852 320 881 375 C.
899 326 924 376 2.

563 583 686 658 [cneus
707 583 753 658 n]

183 716 237 782 Ad
256 721 456 801 praesentem
471 717 689 798 quaestionem
705 716 947 799 discutiendam,
970 717 1052 782 sicut
1073 717 1106 782 in
1128 737 1219 802 supe·
1235 742 1243 755 ..

88 817 235 888 rioribus
256 824 305 884 est
326 824 506 902 peractum,
536 817 669 900 aliquod
690 819 879 904 principium
909 824 958 884 est
979 818 1218 905 adsumendum,

84 917 123 987 in
155 921 277 987 virtute
306 921 395 1005 cujus
422 919 616 1004 aperiendae
645 921 791 988 veritatis
819 925 1005 1002 argumenta
1037 921 1219 989 formentur.

78 1020 181 1090 Nam
206 1025 276 1091 sine
296 1022 439 1107 praefixo
460 1023 632 1109 principie,
661 1023 758 1090 etiam
786 1043 864 1088 vera
892 1022 1042 1106 dicendo,
1072 1025 1219 1091 laborare

79 1126 176 1208 quid
198 1124 353 1210 prodest?
376 1143 473 1206 quum
495 1125 684 1210 principium
700 1127 802 1192 solum
817 1125 1086 1193 adsumendomm
1100 1126 1218 1194 medio·
1239 1147 1253 1193 θ

71 1246 163 1296 rum
188 1228 232 1294 sit
252 1226 354 1291 radix.

183 1330 275 1394 Haec
305 1329 403 1411 igitur
434 1329 662 1412 irrefragabilis
701 1330 820 1397 veritas
852 1329 1060 1416 praefigatur,
1100 1321 1226 1397 scilicet

69 1431 203 1516 quod
238 1432 359 1516 illud,
398 1430 503 1514 quod
535 1436 704 1499 naturae
747 1432 971 1499 intentioni
1006 1438 1220 1517 repugnat,

70 1533 206 1602 Deus
229 1535 343 1601 nolit.
380 1534 465 1599 Nam
487 1534 514 1598 si
536 1534 598 1600 hoc
611 1555 722 1601 rerum
743 1555 806 1600 non
824 1540 918 1618 esset,
941 1523 1219 1601 contradictorium

70 1639 166 1724 ejus
196 1657 262 1703 non
290 1641 376 1703 esset
402 1636 534 1719 falsum,
575 1634 661 1718 quod
690 1641 754 1702 est:
787 1638 891 1703 Deum
919 1657 982 1702 non
1014 1638 1100 1703 nolle
1133 1635 1220 1718 quod
1239 1661 1269 1710 10

22 1819 25 1821 .
67 1747 231 1806 naturae
253 1738 419 1805 intentioni
440 1743 604 1824 repugnat.
649 1738 690 1803 Et
718 1738 747 1803 si
774 1739 835 1805 hoc
856 1759 920 1804 non
941 1738 1072 1822 salsum,
1101 1758 1221 1805 necea

73 1864 179 1927 quae
210 1847 382 1923 sequuntur
410 1838 453 1905 ad
480 1840 594 1925 ipsum.
645 1840 847 1926 impossibile
876 1839 960 1905 enirn
989 1845 1037 1907 θεῖ
1059 1841 1091 1904 in
1113 1860 1220 1907 neees-

71 1945 189 2011 sariis
213 1943 448 2024 consequentiis
467 1942 583 2008 falsum
605 1961 676 2009 esse
698 1962 904 2026 consequens,
928 1940 1135 2008 antecedente
1157 1963 1222 2008 non

71 2048 177 2112 falso
202 2045 368 2113 existente.
935 2106 937 2118 ,

184 2146 251 2214 Sed
271 2146 315 2212 ad
336 2168 412 2213 non
434 2147 560 2230 nolle,
584 2147 719 2212 altemm
742 2146 875 2213 duumm
897 2146 1040 2228 sequitur
1057 2145 1098 2211 de
1112 2166 1218 2213 neces·
1240 2171 1270 2221 15

82 2252 210 2332 sitate,
244 2256 299 2314 θεῖ
330 2249 457 2333 velle,
492 2253 651 2315 autnon
679 2250 805 2316 velle:
839 2238 920 2314 sieut
952 2247 996 2313 ad
1028 2267 1090 2313 nnn
1119 2247 1218 2332 odire,

80 2351 278 2418 necessario
301 2351 456 2434 sequitur,
487 2355 542 2415 aut
570 2365 695 2435 amare,
722 2356 777 2416 θεῖ
805 2372 869 2417 non
898 2370 1020 2415 amare:
1049 2349 1220 2416 nonenim

83 2475 160 2522 non
190 2473 312 2536 amare,
342 2456 392 2518 est
419 2452 522 2536 odire,
552 2472 611 2518 nee
638 2473 702 2519 non
729 2453 829 2536 velle,
861 2459 909 2520 θεῖ
926 2452 1028 2534 nulle,
1057 2456 1092 2516 ut
1120 2450 1160 2516 de
1184 2471 1218 2519 εθ

87 2562 196 2642 patet.
235 2556 325 2635 Quae
347 2554 375 2619 si
396 2554 480 2619 falsa
500 2575 564 2621 non
586 2560 666 2639 sunt,
688 2555 751 2619 ista
765 2575 828 2621 non
846 2555 906 2621 erit
927 2554 1026 2619 salsa:
1048 2554 1137 2620 Deus
1150 2554 1219 2619 vult

91 2657 184 2741 quod
206 2677 269 2723 non
291 2657 372 2740 vult3
398 2657 488 2741 cujus
510 2655 634 2721 falsitas
656 2656 839 2724 nonhabet
862 2657 1066 2742 superiorem.
1239 2679 1271 2732 20

183 2757 276 2838 Quod
298 2763 405 2825 autem
428 2779 536 2824 verum
560 2759 602 2824 sit
624 2756 710 2839 qued
733 2757 862 2841 dieitur,
885 2757 931 2822 sie
954 2756 1096 2823 declaro:
1118 2755 1218 2822 Mani-

94 2861 214 2928 festum
243 2867 291 2926 est
327 2859 413 2942 quod
442 2861 530 2926 Deus
563 2858 658 2927 finem
692 2864 825 2925 naturae
855 2846 937 2924 uult:
974 2858 1068 2923 aliter
1096 2858 1220 2925 coelum

97 3043 163 3113 Cap.
182 3044 217 3096 H.
246 3043 294 3096 ¹1..
306 3048 408 3114 quaest.
428 3043 633 3100 discurrendum
752 3042 932 3107 antecedente,
951 3043 1022 3111 quod
1039 3042 1152 3112 probari
1160 3049 1220 3111 pot-

144 3133 161 3195 ¹,
180 3130 193 3161 2
210 3128 241 3183 F.
260 3129 330 3184 sicat
348 3129 376 3182 in
387 3129 599 3200 precedentibus
752 3130 801 3182 θεῖ.
825 3158 859 3166 -
888 3128 926 3182 M.
945 3130 973 3183 in
997 3144 1097 3184 necess.
1115 3135 1220 3184 antece-

142 3213 633 3286 ¹Eddprincipinmestscmendnm
753 3211 831 3266 dente
853 3245 887 3253 —
914 3213 1056 3282 Sequimur
1080 3213 1219 3280 editiones,

142 3300 153 3332 ¹
171 3300 297 3355 laborare
314 3298 389 3353 deest
405 3299 434 3353 in
452 3299 483 3352 F.
753 3298 917 3354 auctoritate
934 3298 1022 3354 Ficini
1039 3298 1156 3368 adjutas.
1242 3342 1246 3369 ,

142 3385 201 3438 ⁷F.
219 3384 297 3439 Haec
314 3400 379 3456 erqo
398 3384 491 3455 irrefr.
705 3384 727 3417 ¹⁸
743 3384 777 3437 A.
796 3385 835 3437 M.
859 3400 987 3439 necnon
1010 3383 1083 3438 nolle
1108 3393 1219 3437 estnon

183 3469 239 3537 Ita,
259 3468 365 3524 codices
388 3469 420 3522 F.
437 3469 471 3522 H.
489 3470 520 3523 P.
538 3471 572 3527 V.
591 3486 632 3526 se·
753 3469 820 3524 cette
839 3499 868 3508 —
888 3468 919 3522 F.
943 3485 992 3523 nec
1015 3485 1070 3522 non
1093 3466 1160 3521 celte
1180 3470 1219 3520 est

167 3554 256 3624 qunti,
281 3542 447 3624 seripsimus.
472 3587 506 3595 —
532 3555 566 3608 L.
593 3556 631 3614 M.
753 3571 807 3610 non
825 3553 898 3608 nolte
916 3586 946 3596 -
965 3553 996 3606 P.
1014 3569 1064 3608 nec
1080 3567 1135 3607 non
1152 3550 1220 3605 celte

159 3639 456 3711 prcefianctnr-A.
467 3641 634 3712 praesicca·
754 3645 795 3695 est
812 3638 879 3693 celle

167 3729 212 3778 tar
228 3755 262 3763 —
278 3723 348 3778 Edd.
362 3728 559 3795 praemittatur
716 3725 737 3758 ¹⁹
753 3724 786 3778 F.
806 3722 875 3789 Ostia
891 3723 918 3776 si
932 3721 1009 3792 falsa
1022 3750 1056 3760 -
1070 3721 1102 3774 L.
1122 3719 1180 3786 Quo
1197 3720 1223 3773 si

128 3810 149 3842 ¹⁰
166 3808 205 3865 M.
216 3809 303 3863 Deum
321 3825 375 3862 non
388 3809 635 3865 celle-H.Deum
753 3809 830 3879 fclsc
849 3839 878 3848 -
898 3805 935 3860 M.
954 3804 1075 3871 Quodsi
1090 3804 1168 3875 falsa

168 3892 398 3962 ncile,interjecto
408 3893 635 3951 interlineusncn
769 3893 807 3946 M.
827 3892 880 3946 istc
897 3907 953 3945 non
970 3891 1023 3945 erit
1037 3890 1142 3960 falsam

127 3980 144 4013 ¹¹
164 3978 197 4031 A.
226 3993 280 4032 non
307 3977 412 4048 falsum
438 3984 478 4032 est
502 4009 537 4020 -
564 3979 633 4035 Edd.
711 3974 1221 4047 211.θ]εε[αεῖεατθ-ε.σθ]εε

167 4079 222 4117 non
239 4067 280 4116 cst
294 4062 398 4133 fcitum
752 4062 873 4133 felicitas

125 4149 146 4182 ¹³
163 4149 197 4202 A.
219 4147 252 4201 F.
276 4146 311 4201 H.
330 4147 361 4202 L.
387 4147 418 4200 P.
436 4146 468 4200 V.
494 4148 522 4201 in
545 4163 634 4203 neces-
711 4149 734 4181 ¹¹
752 4147 783 4200 P.
803 4146 913 4200 omittit:
933 4146 1007 4217 quod
1024 4145 1124 4201 dicitur

149 4277 151 4280 .
166 4233 247 4287 scriis
265 4247 432 4302 consequens
446 4232 551 4303 salsam
569 4249 634 4299 csse,
