2902 4874
387 293 521 349 DANTIS
540 291 767 349 MONARCHIA
784 294 818 348 II.
836 311 859 349 c.
878 298 901 348 3.
1162 286 1201 351 45

70 462 262 533 audiendus
285 472 334 558 est
356 467 457 532 Poeta
484 473 605 549 noster,
634 465 836 531 introducens
864 467 898 532 in
925 466 1026 549 primo
1048 466 1204 535 Ilioneum

68 574 227 636 orantem
249 567 309 634 sic:

294 702 354 756 Rex
371 708 430 756 erat
447 701 553 756 Aeneas
570 702 663 767 nobis,
681 718 735 771 quo
750 702 851 770 justior
868 701 937 756 alter

289 785 347 841 Nee
365 785 546 855 putaminis,
565 802 615 842 nec
632 787 702 842 bello
720 787 807 856 major
824 791 852 840 et
869 786 958 869 armis.
1222 795 1254 844 35

63 908 273 976 Audiendus
295 914 344 974 est
363 908 451 974 idem
472 908 505 971 in
527 913 634 990 sexto,
666 908 720 990 qui
749 927 844 990 quum
874 907 914 974 de
935 908 1056 974 Miseno
1079 912 1202 974 mortuo

65 1011 284 1093 loqueretur,
315 1009 370 1091 qui
397 1009 500 1074 iuerat
527 1009 674 1076 Hectoris
702 1009 906 1076 ministeriu
933 1009 1036 1092 bello,
1072 1016 1104 1075 et
1131 1015 1204 1092 post

63 1118 220 1180 mortem
242 1111 404 1194 Hectoris,
427 1112 555 1177 Aeneae
577 1111 755 1176 ministrum
776 1131 811 1178 se
834 1111 976 1194 dederat,
1001 1110 1079 1176 dicit
1098 1111 1203 1195 ipsum

61 1215 242 1280 Misenum
269 1233 352 1297 „non
380 1211 529 1278 inferiora
563 1212 764 1296 sequutumff
789 1213 1057 1297 comparationem
1085 1213 1203 1280 iaciens

64 1315 119 1382 de
135 1317 253 1382 Aenea
267 1315 311 1380 ad
331 1315 510 1396 Hectorem,
533 1333 627 1395 quem
641 1334 719 1398 prae
733 1315 878 1381 omnibus
900 1315 1093 1381 Homerus
1109 1315 1202 1396 glori-
1221 1324 1254 1375 40

62 1416 173 1499 ficat,
197 1422 233 1480 ut
254 1416 350 1482 refert
371 1416 585 1501 Philosophus
606 1416 640 1481 in
661 1416 716 1499 iis,
747 1436 828 1498 quae
856 1416 896 1482 de
922 1416 1062 1482 moribus
1083 1417 1203 1499 fuglen-

63 1517 131 1582 dis
156 1516 201 1582 ad
222 1517 460 1584 Nicomachum.

169 1621 330 1699 Quantum
351 1638 427 1686 vero
450 1618 493 1685 ad
518 1619 826 1703 hereditariam,
857 1620 1020 1701 quaelibet
1047 1641 1122 1706 pars
1150 1622 1203 1686 tri-

60 1721 195 1807 partiti
224 1721 310 1788 orbis
338 1720 511 1804 tamaris,
548 1741 644 1803 quam
672 1721 861 1806 conjugibus
889 1722 979 1788 illum
1018 1723 1205 1791 nobilitasse

54 1823 253 1890 invenitur.
1223 1838 1254 1887 45

169 1927 254 1991 Nam
276 1924 372 1991 Asia
392 1924 670 2010 propinquioribus
691 1925 795 2008 avis,
825 1931 859 1989 ut
887 1925 1044 1992 Assaraco
1074 1933 1106 1992 et
1132 1928 1205 1993 aliis

66 2029 140 2111 qui
155 2027 330 2113 Phrygiam
345 2033 565 2109 regnaverunt,
581 2026 677 2092 Asiae
693 2027 864 2109 regionem,
887 2026 971 2093 unde
986 2034 1083 2110 poeta
1098 2035 1207 2096 noster

67 2131 117 2195 in
140 2129 250 2197 tertio:
997 2163 999 2167 ¹

290 2246 438 2315 Postquam
454 2261 498 2300 res
515 2245 609 2310 Asiae,
626 2244 778 2314 Priamique
796 2251 915 2300 evertere
930 2233 1046 2314 gentem‘

289 2331 451 2386 Immeritam
469 2331 556 2385 risum
573 2329 692 2399 Superis.
1224 2352 1257 2400 50

83 2449 247 2536 Europa
268 2470 344 2517 vero
367 2471 428 2517 avo
450 2451 686 2533 antiquissimo,
716 2450 836 2518 scilicet
861 2450 1021 2517 Dardano.
1066 2453 1206 2519 Africa

89 2570 213 2636 quoque
236 2553 311 2618 avia
325 2553 554 2637 robustissima,
577 2553 704 2621 Electra
725 2553 862 2635 scilieet,
884 2559 961 2616 nata
975 2554 1083 2636 magni
1104 2556 1204 2621 nomi-

119 2754 184 2808 ³³12.
207 2752 342 2808 Ilioneum
359 2753 512 2809 hortantem
700 2756 722 2788 ⁴³
739 2755 771 2808 F.
790 2754 930 2808 adnovam
947 2751 1046 2807 lineum
1055 2769 1205 2824 recurrens,

119 2838 139 2872 ³⁶
155 2840 188 2894 Η.
215 2838 354 2894 Videadas
741 2839 836 2907 capitis
851 2837 1087 2893 initiumindicare
1102 2840 1207 2896 videtur

119 2923 139 2956 ⁴¹
154 2923 310 2995 sapientiis,
337 2923 409 2992 quod
431 2939 523 2978 omnes
548 2925 622 2979 exhi·
700 2925 724 2957 ⁴⁸
740 2922 772 2976 F.
785 2924 974 2994 propinquior
991 2925 1049 2978 evis

129 3069 131 3071 ‚
156 3010 234 3075 bent,
252 3014 352 3062 temere
369 3009 398 3063 in
411 3009 548 3081 fioqecdir
564 3028 621 3066 mu·
698 3009 721 3041 ⁴⁷
739 3006 1022 3076 Edd.‚reiragantibns
1036 3009 1114 3066 libris
1125 3026 1206 3067 manu

156 3093 224 3148 tavit
251 3093 378 3159 Turrius,
414 3094 442 3148 in
470 3095 623 3165 furtpendis
740 3093 866 3160 exaratis,
884 3094 912 3147 ia
931 3091 1055 3166 Pbryqe‘o

156 3177 409 3234 reroFratieellius.
435 3178 561 3235 Temere:
581 3196 623 3235 re·
759 3177 829 3231 Edd.
848 3179 960 3249 repioce

157 3265 231 3333 spice
249 3264 319 3317 enim
330 3263 418 3333 prima
429 3264 537 3334 septimi
544 3265 624 3319 Ethi-
701 3263 725 3295 ⁴⁹
743 3264 775 3317 Α.
793 3262 825 3316 F.
845 3264 878 3317 P.
897 3262 930 3317 V.
949 3280 1003 3319 rex
1020 3264 1101 3319 Asiae

158 3365 203 3404 ces
226 3348 331 3404 Nicom.
349 3347 412 3402 libri
434 3349 525 3417 rerba,
556 3365 624 3418 quae
703 3348 726 3380 ⁵⁰
742 3346 775 3401 F.
803 3346 971 3403 Immeritum
998 3380 1030 3388 —
1063 3349 1095 3403 L.
1122 3349 1208 3404 Ieteru-

79 3453 84 3461 ·
157 3450 263 3489 versum
292 3434 465 3488 Homericum
492 3449 509 3488 a
533 3435 624 3489 Philo·
744 3448 846 3486 merom

158 3518 623 3589 sophorelatumimmediateprae·
703 3518 725 3550 ⁶¹
743 3517 786 3570 Ita
812 3521 945 3586 quotquot
971 3517 1136 3586 inspeximus
1163 3533 1208 3572 co·

159 3604 272 3660 cedunt:
291 3603 388 3671 „Circa
403 3619 492 3658 mores
508 3605 624 3676 supien-
743 3602 816 3656 dices
835 3605 862 3655 et
879 3600 938 3655 edd.
958 3605 1026 3669 ant.;
1044 3601 1208 3657 recentiores

159 3690 257 3745 dorum
275 3691 332 3743 tres
350 3694 414 3743 suut
431 3687 548 3758 species:
567 3704 623 3744 ma·
744 3689 870 3743 omittunt
893 3704 956 3752 ovo,
978 3693 1005 3741 et
1021 3686 1123 3741 Fratic.
1145 3703 1210 3741 cero

157 3774 231 3840 litia,
257 3773 452 3829 incontinentia
476 3779 503 3828 et
524 3774 623 3829 bestia·
703 3774 726 3805 ⁵²
742 3774 775 3826 A.
793 3772 824 3825 F.
843 3777 870 3826 et
887 3772 917 3825 V.
937 3771 1037 3841 Africo
1060 3785 1123 3825 cero
1148 3772 1209 3826 ocio

157 3860 248 3914 litus.“

160 4011 311 4066 ³²V1ac1n.
330 4011 429 4065 Aeneis
446 4011 467 4064 Ι.
487 4016 545 4066 stt.
634 4012 657 4044 ³⁶
674 4010 742 4064 Ibid.
761 4010 807 4063 VI.
832 4015 888 4064 170.
975 4010 1209 4064 ⁴²An1srorunus

84 4075 155 4138 Em.
183 4078 460 4135 Nicomach.V11.1.
486 4079 591 4143 (Verrio
616 4085 716 4143 vetusl:
746 4077 992 4145 „Quemadmodum
1017 4078 1150 4132 Homerus
1177 4078 1210 4133 de

86 4145 209 4206 Hectore
227 4147 293 4203 iecit
310 4147 442 4202 dicentem
451 4147 585 4201 Priamum
603 4148 728 4216 quoniam
746 4146 824 4201 valde
842 4153 900 4200 erat
917 4146 1012 4212 bonus,
1032 4160 1119 4212 neque
1137 4145 1208 4202 vide-

87 4214 172 4274 batur
190 4215 242 4271 viri
257 4216 379 4272 mortalis
397 4231 464 4284 puer
482 4217 604 4283 existere,
624 4215 672 4270 sed
688 4215 765 4270 Dei.“
793 4270 795 4274 ,
836 4216 859 4248 ⁴⁷
877 4215 988 4268 Vtram.
1003 4214 1103 4269 Aeneis
1116 4214 1165 4269 111.
1186 4220 1208 4269 t.
