2896 4876
203 329 323 385 XXVIII
645 327 906 385 PRouuuuuuA.

253 503 334 594 „Dei
370 504 473 595 lilius,
508 504 643 575 humani
670 504 801 598 generis
829 515 976 575 naturam
1005 527 1177 576 assumens
1197 558 1323 573 .....

253 629 499 704 Ecclesiasticae
535 631 704 727 potestatis
738 631 943 702 altitudinem
978 654 1056 702 suus
1083 629 1195 702 fideles
1222 631 1324 702 latere

254 760 377 849 noluir;
396 759 554 855 quiuim0,
572 770 737 855 tamquam
759 781 857 852 super
875 768 1000 854 petram
1020 756 1199 848 fundatam,
1216 758 1323 855 ipsam

254 912 324 959 esse
358 879 456 982 supra
490 910 624 957 omnem
659 885 877 986 principatum
913 896 945 955 et
977 895 1191 981 potestatem,
1224 897 1260 958 ut
1293 885 1324 958 ei

253 1038 358 1109 genua
403 1023 518 1085 cuncta
567 1024 743 1085 curventur
786 1014 999 1104 coelestium,
1043 1013 1247 1084 terrestrium
1291 1025 1325 1085 et

253 1143 481 1232 infernorum,
507 1140 614 1212 verbis
641 1141 856 1237 apertissimis
883 1140 1065 1211 declaravit.
1109 1139 1203 1212 Unde
1231 1166 1326 1213 error

253 1280 311 1360 est,
336 1279 373 1339 ut
398 1277 487 1363 puto,
513 1267 669 1364 pertinaci
697 1263 763 1367 (sl)
790 1267 893 1339 menti
918 1262 994 1366 (sl),
1021 1292 1087 1338 non
1107 1268 1239 1340 credere
1258 1268 1325 1340 Ro·

254 1419 390 1468 manum
409 1394 614 1485 Pontificem,
642 1395 831 1467 universalis
850 1393 1015 1466 Ecclesiae
1034 1407 1208 1490 pastorem,
1234 1395 1325 1468 Petri

254 1546 478 1595 successorem
500 1533 531 1592 et
550 1520 668 1593 Christi
698 1522 881 1616 legitimum
910 1523 1077 1615 vicarium,
1102 1547 1201 1619 super
1228 1523 1326 1619 spiri-

252 1651 348 1722 tualia
367 1660 399 1720 et
416 1650 606 1744 temporalia
627 1649 841 1720 universalem
862 1652 962 1741 [non]
989 1649 1108 1722 habere
1134 1649 1325 1745 primatum,

252 1779 285 1850 in
314 1801 411 1875 quem
439 1777 534 1847 multi
562 1776 715 1849 labuntur
742 1778 846 1848 dictae
873 1778 1041 1874 potestatis
1060 1778 1323 1872 ignorantia...

251 1906 344 1978 lllulti
370 1914 478 1975 autern
507 1904 633 1975 curiosa
662 1905 813 1995 scientia,
839 1914 871 1974 et
898 1905 1022 1989 utinam
1051 1925 1119 1980 uon
1156 1906 1237 1977 elata
1271 1930 1325 1978 su·

251 2033 373 2130 perbia,
400 2032 568 2127 cupientes
586 2056 625 2102 ex
643 2032 838 2128 quibusdam
860 2033 951 2104 novis
969 2033 1070 2103 videri
1089 2034 1197 2128 potius
1223 2056 1324 2129 quam

250 2161 370 2250 videre,
396 2170 429 2230 et
446 2159 521 2230 sciri
540 2158 648 2256 potius
667 2183 764 2255 quam
784 2161 877 2251 scire,
905 2161 1070 2231 imitantes
1096 2159 1130 2229 in
1158 2159 1220 2230 hoc
1246 2160 1324 2232 illos

251 2288 398 2360 curiosos
416 2300 449 2358 ct
474 2289 717 2383 superstitiosos
736 2287 965 2359 archemeuses
993 2290 1062 2382 (γρ.
1081 2283 1326 2386 Athenienses),

252 2415 328 2512 quid
347 2415 387 2487 ad
408 2415 486 2486 nilril
505 2414 592 2485 aliud
618 2415 782 2505 vacabant,
810 2414 871 2485 nisi
898 2414 1010 2486 audire
1037 2415 1086 2486 vel
1113 2413 1239 2486 discere
1266 2415 1325 2487 ali·

256 2544 330 2642 quid
360 2543 465 2616 novi.“
480 2543 530 2637 2⁵)

385 2706 542 2764 AUGUST.
577 2706 635 2760 ΤΒ.
653 2705 738 2761 XXII.
758 2712 782 2761 3.
799 2706 943 2773 (DANTIS
961 2706 1045 2762 Mun.
1063 2703 1084 2758 Ι.
1102 2710 1137 2772 8.)

250 2817 352 2909 „Tota
372 2814 716 2887 machina'rnundialis
744 2839 808 2886 non
836 2824 886 2886 est
913 2814 975 2885 nisi
995 2838 1080 2886 uuus
1108 2815 1323 2910 principatus.

252 2944 316 3017 Sed
337 2944 410 3039 quia
430 2967 496 3012 nou
516 2942 612 3014 debet
627 2966 698 3014 esse
718 2943 779 3013 nisi
796 2965 882 3013 unus
901 2941 1091 3014 universalis
1109 2942 1323 3038 principatus,

251 3072 323 3144 ideo
352 3096 437 3144 unus
463 3072 616 3168 princeps
640 3080 673 3140 et
688 3093 774 3141 unus
793 3069 1002 3165 principatus.
1038 3066 1194 3167 Princeps
1212 3082 1322 3144 auteur

249 3201 348 3272 totius
373 3200 573 3296 principatus
601 3196 716 3269 mundi
746 3207 796 3267 est
821 3199 889 3295 ipse
920 3195 1086 3287 Christus,
1113 3195 1206 3297 cujus
1233 3196 1321 3294 Papa

249 3329 388 3400 vicarius
407 3327 545 3398 existit.“

443 3491 528 3547 AUG.
547 3490 604 3545 ΤΒ.
622 3490 751 3544 XXXVI.
773 3495 794 3543 l.
813 3489 857 3555 (Ι).
876 3488 957 3543 unu.
976 3490 1023 3543 III.
1042 3493 1077 3554 4.)

250 3599 418 3692 „Planum
440 3610 505 3688 est,
540 3597 626 3694 quod
662 3599 736 3668 luna
764 3597 928 3668 derivatur
955 3623 971 3667 a
1000 3597 1069 3667 sule
1096 3607 1264 3691 quantumv
1281 3600 1322 3670 ad

225 3818 227 3821 ι
251 3726 321 3822 ejus
340 3727 581 3816 formationem,
600 3725 674 3822 quia
693 3751 732 3797 ex
750 3724 803 3796 illa
822 3727 905 3815 luce,
924 3748 1004 3820 quae
1023 3725 1106 3795 lacta
1127 3722 1323 3799 describitur

250 3856 283 3926 in
313 3854 431 3926 Genesi
465 3856 569 3950 prima
597 3854 665 3945 die,
699 3854 792 3925 tertie
828 3855 879 3924 die
914 3850 1126 3947 postmodum
1162 3852 1322 3927 lcrmatus

251 3994 299 4053 est
327 3983 393 4072 sul,
420 3983 537 4053 deinde
573 3983 648 4054 luna
683 4007 720 4054 ac
747 3983 827 4053 aliae
855 3980 974 4052 stellae.
1028 3978 1252 4074 sequanum
1280 3980 1320 4051 ad

285 4234 313 4300 ²³)
333 4234 423 4289 Actus
442 4234 567 4301 Apostol.
585 4232 670 4286 XVII.
689 4236 730 4287 20.
