2910 4876
253 263 292 327 82
504 259 1117 324 DANTISMONAROHIAH.0.13.(11.)
1167 316 1171 319 ,

252 438 343 505 Adae
371 437 404 502 in
434 435 560 501 Christo
589 455 653 501 non
681 433 740 498 fuit
761 434 921 518 punitum:
950 433 1012 499 hoe
1038 437 1146 498 autem
1168 439 1218 498 est
1240 434 1372 518 falsum,

253 560 329 623 ergo
362 536 640 612 contradictorium
672 536 757 620 ejus,
795 555 837 602 ex
877 554 939 617 quo
973 535 1129 617 sequitur,
1167 540 1217 600 est
1253 556 1374 603 verum.

253 641 394 708 Falsitas
417 638 638 720 consequentis
653 643 789 722 apparet
810 638 865 704 sio.
902 638 1006 717 Quum
1029 636 1114 701 enim
1127 656 1185 722 per
1206 642 1375 722 peooatum

222 741 346 816 5Adae
368 760 478 808 omnes
498 744 683 825 peccatores
707 759 857 822 essemus,
876 737 1001 805 dioente
1023 738 1241 822 Apostolo:
1264 739 1375 823 „Siout

253 865 311 930 per
333 863 429 909 unum
451 842 611 909 hominem
639 841 672 906 in
700 841 784 907 hune
811 840 964 905 mundum
984 847 1151 925 peceatum
1173 841 1320 907 intravit:
1343 846 1375 906 et

252 967 310 1031 per
324 950 491 1031 peecatum
505 948 604 1027 mors,
627 944 674 1008 ita
688 942 722 1007 in
736 963 845 1009 omnes
860 942 1005 1008 homines
1019 963 1113 1027 mors,
1136 943 1169 1006 in
1184 962 1248 1024 quo
1264 963 1375 1009 omnes

253 1044 503 1132 peceaverunt;“
532 1045 559 1109 si
581 1043 622 1108 de
644 1045 700 1111 illo
723 1049 855 1127 peooato
877 1063 940 1109 non
962 1043 1074 1109 fuisset
1096 1045 1296 1110 satisfactum
1318 1066 1375 1129 per

253 1154 388 1215 mortem
411 1145 537 1228 Christi,
561 1145 666 1211 adhue
688 1165 831 1211 essemus
852 1145 911 1210 filii
932 1145 999 1210 irae
1021 1150 1149 1229 natura,
1178 1151 1294 1211 natura
1316 1148 1374 1213 soi-

206 1274 236 1327 10
254 1251 330 1315 lieet
352 1248 538 1333 depravata.
584 1247 650 1315 Sed
671 1249 732 1314 hoo
753 1268 817 1314 non
839 1252 896 1331 est,
920 1265 1016 1328 quum
1039 1249 1125 1314 dieat
1148 1250 1376 1333 Apostolus

254 1351 297 1416 ad
318 1350 492 1435 EphesioS,
522 1350 656 1430 loquens
678 1349 718 1414 de
741 1351 851 1415 Patre:
886 1350 968 1432 „Qui
989 1349 1243 1436 praedestinavit
1262 1370 1322 1417 nos
1343 1351 1377 1415 in

137 1536 139 1540 .
254 1452 459 1537 adoptionem
480 1449 617 1517 filiorum
644 1472 703 1535 per
727 1451 837 1518 Jesum
861 1451 1035 1536 Christum,
1058 1453 1092 1517 in
1113 1452 1233 1537 ipsum,
1265 1472 1375 1518 seeun-

255 1553 330 1620 dum
351 1552 549 1638 propositum
571 1553 744 1619 voluntatis
767 1573 861 1638 suae,
884 1554 918 1618 in
939 1553 1068 1619 laudem
1090 1562 1122 1620 et
1144 1555 1280 1636 gloriam
1303 1572 1375 1635 gra·

254 1656 319 1721 tiae
342 1674 428 1737 suae,
450 1654 483 1718 in
506 1673 569 1736 qua
590 1653 782 1734 gratificavit
803 1675 862 1722 nos
884 1657 917 1719 in
933 1655 1050 1723 dilecto
1064 1657 1148 1723 Filio
1171 1677 1238 1740 suo,
1262 1657 1296 1721 in
1312 1675 1375 1738 quo

207 1786 237 1836 15
255 1757 412 1822 habemus
434 1754 662 1822 redemtionem
677 1777 734 1841 per
756 1757 942 1840 sanguinem
961 1757 1040 1842 ejus,
1062 1758 1280 1824 remissionem
1302 1779 1376 1843 perf

256 1863 406 1940 eatorum,
430 1856 602 1922 seeundum
625 1857 754 1924 divitias
775 1859 898 1942 gloriae
921 1879 1007 1943 suae,
1031 1879 1113 1941 qnae
1136 1860 1374 1946 superabunda-

255 1959 302 2024 vit
323 1959 355 2023 in
378 1958 500 2048 nobie.“
544 1961 647 2040 Quum
670 1961 766 2026 etiam
789 1961 932 2026 Christus
953 1961 1039 2046 ipse,
1065 1962 1097 2025 in
1120 1982 1155 2029 se
1177 1961 1374 2047 punitionem

254 2061 396 2145 patiens,
421 2060 506 2125 dieat
528 2062 560 2125 in
582 2061 603 2127 J
609 2063 784 2146 ohanne,
807 2063 1087 2146 „Consummatum
1110 2064 1196 2147 est;“
1224 2084 1300 2129 nam
1322 2064 1376 2130 ubi

255 2166 508 2227 consummatum
531 2169 593 2246 est,
616 2164 696 2228 nihil
718 2169 817 2230 restat
838 2164 1006 2248 agendum.

205 2295 237 2348 20
340 2265 476 2349 Propter·
498 2265 752 2331 convenientiam
775 2265 953 2346 sciendum,
986 2264 1072 2346 quod
1092 2265 1215 2349 punitio
1241 2287 1306 2331 non
1329 2271 1377 2332 est

190 2390 193 2403 ·
256 2364 443 2450 simpliciter
464 2386 569 2449 poena
590 2366 739 2450 injuriam
760 2367 940 2451 interentis,
969 2366 1028 2432 sed
1048 2387 1163 2452 poena,
1186 2367 1308 2432 inflicta
1329 2368 1375 2432 in-

210 2520 211 2524 .
251 2466 370 2551 juriam
392 2467 537 2534 inferenti
559 2468 600 2533 ab
622 2469 760 2535 habente
785 2468 1040 2554 jurisdictionem
1063 2468 1226 2553 puniendi.
1271 2468 1373 2552 Unde,

256 2617 321 2686 Cap.
345 2617 417 2670 XIII.
470 2619 481 2650 ²
507 2618 538 2672 F.
567 2636 622 2674 non
654 2619 737 2673 habet
763 2620 790 2672 in

324 2700 430 2757 Christe

341 2784 411 2839 Edd.
429 2785 479 2842 troo
496 2791 586 2841 autem
603 2794 672 2843 esset
686 2788 790 2859 falsum

323 2903 357 2910 -
374 2871 406 2924 F.
423 2869 475 2927 doe
491 2878 531 2925 est
547 2872 613 2942 sets.
637 2903 671 2911 —
694 2873 726 2926 L.
751 2878 790 2926 est

325 2954 520 3026 Philosophum

300 3042 311 3073 ⁷
328 3040 365 3094 M.
384 3046 411 3094 et
428 3041 542 3096 Turrius
565 3058 604 3097 ex
626 3058 680 3117 quo
698 3058 790 3112 omnes

301 3126 312 3157 ⁹
328 3124 382 3180 Pro
391 3125 476 3194 primo
491 3125 668 3181 aeteraedd.
687 3127 789 3195 antiqu.

324 3208 425 3262 habent
453 3214 569 3264 naturae
598 3242 632 3248 —
659 3209 724 3265 Cod.
751 3211 790 3264 M.

325 3309 387 3347 aem
404 3325 437 3333 -
452 3293 566 3349 Omnino
584 3296 662 3350 abest
679 3310 696 3349 a
713 3296 790 3350 codd.

324 3378 358 3431 A.
376 3378 411 3432 H.
430 3380 460 3432 L.
483 3409 517 3418 -
542 3380 627 3435 Recte
644 3381 741 3449 legitur
762 3382 790 3436 in

326 3463 358 3516 F.
376 3463 406 3516 P.
426 3463 460 3518 V.
546 3496 548 3500 -

287 3549 309 3580 ¹²
325 3548 360 3602 Η.
384 3577 416 3587 -
439 3549 474 3602 A.
498 3550 535 3604 ad
555 3552 740 3622 operattonem
758 3582 791 3591 -—

324 3633 431 3702 Reliqui
448 3641 476 3688 et
492 3634 551 3689 edd.
570 3637 596 3690 tro
615 3636 761 3708 adoptione

286 3719 307 3752 ¹⁰
325 3719 438 3774 anrius
456 3726 483 3774 et
500 3720 611 3787 Fratie,
627 3727 731 3775 textum
749 3737 791 3776 sa-

326 3820 409 3871 crum,
427 3811 458 3860 ut
468 3804 580 3872 videtur,
591 3809 707 3875 sequuti,
725 3805 791 3860 diot-

327 3890 380 3942 ttar
396 3891 504 3959 proriae

872 2621 892 2652 ¹⁷
910 2619 979 2674 Edd.
998 2620 1069 2674 Dum
1088 2621 1167 2674 etiem

927 2704 961 2759 A.
979 2705 1014 2758 H.
1032 2704 1063 2758 P.
1080 2704 1113 2758 V.
1136 2733 1169 2749 η
1193 2704 1226 2757 F.
1245 2706 1277 2758 L.
1296 2706 1333 2760 M.
1351 2712 1377 2760 et

910 2789 969 2844 edd.
989 2786 1226 2844 omittunt‘vocem
1245 2791 1305 2860 ipse

871 2874 899 2941 ¹⁷,
920 2875 942 2907 ¹⁸
958 2874 993 2927 H.
1003 2876 1031 2928 ta
1049 2891 1078 2929 se
1092 2876 1211 2946 puniens
1222 2881 1375 2945 peccatam,

910 2958 984 3014 dicat

868 3044 891 3077 ²⁰
908 3042 939 3096 L.
957 3043 996 3097 M.
1016 3042 1136 3114 Propter
1159 3046 1375 3113 consequentiam

910 3159 943 3166 -
969 3128 1039 3182 Edd.
1066 3128 1148 3195 antiq.
1172 3127 1294 3198 Propter
1315 3145 1377 3184 eoa-

909 3214 1044 3267 venientia

867 3297 888 3330 ⁸¹
907 3298 940 3350 A.
959 3297 994 3351 H.
1013 3297 1051 3351 M.
1070 3298 1101 3351 P.
1119 3297 1152 3351 V.
1171 3297 1377 3367 tremendam

905 3380 1194 3452 poeno-Fprosilit
1210 3397 1227 3436 a
1245 3383 1332 3451 primo
1341 3382 1375 3437 ad

911 3467 1025 3520 alterurn
1043 3467 1211 3536 „irrjariam“

870 3551 894 3583 ²²
911 3550 943 3604 F.
960 3549 1032 3605 inter
1043 3550 1264 3621 jurisdictionem
1283 3555 1312 3607 et
1323 3568 1376 3624 pa-

910 3637 1005 3691 rtiendi
1018 3636 1154 3690 interserit
1167 3637 1216 3690 red
1228 3653 1322 3708 poena
1339 3639 1377 3690 ta·

909 3720 984 3790 fliete
1021 3721 1152 3791 injurtam
1183 3721 1316 3790 inferenti
1343 3721 1375 3776 at

910 3804 1025 3860 tabente
1036 3805 1258 3876 jurisdictionem

326 4023 399 4094 Cap.
417 4024 507 4079 xm.
543 4027 554 4059 ⁵
572 4026 684 4095 Epist.
703 4030 742 4079 ad
759 4026 894 4081 Roman.
912 4030 1023 4081 5.v.12.
1059 4025 1099 4079 cf.
1117 4026 1261 4080 Auoronrs
1279 4025 1374 4080 Parad.

258 4091 318 4147 VII.
337 4096 378 4148 85.
458 4095 475 4124 '¹
494 4093 602 4162 EpIst.
628 4094 668 4148 ad
691 4095 814 4163 Ephes.
835 4099 856 4147 1.
875 4111 898 4148 v.
919 4098 993 4148 5-8.
1076 4096 1097 4127 ¹⁸
1115 4094 1223 4148 Eueno.
1243 4094 1375 4150 lominus

261 4163 300 4214 19.
319 4177 343 4214 r.
363 4165 403 4214 30.
