2910 4876
397 297 532 352 nnnrrs
551 282 769 352 nobiscnm
786 298 835 352 111.
855 301 883 355 o.
902 306 926 354 4.
1177 300 1218 360 97

98 471 185 537 velut
207 469 323 536 artifex
344 469 474 546 inferior
495 470 656 555 dependet
670 471 712 537 ab
734 470 917 555 architecto,
940 472 1084 558 pluribus
1106 473 1219 540 adver-

94 573 139 638 sis
155 571 353 654 argumentis
368 576 544 655 moventur,
569 592 650 654 quae
667 572 796 654 quidem
812 573 851 638 de
875 593 991 642 sacra
1007 573 1220 661 Scriptura
1326 584 1328 591 ’

91 674 243 758 eliciunt,
278 677 310 739 et
343 672 384 738 de
416 674 606 754 quibusdam
637 674 768 755 gestis
800 680 867 739 tam
900 676 1014 740 summi
1046 677 1252 762 Pontificis,5

89 795 192 857 quam
215 774 315 858 ipsius
329 775 542 861 Imperatoris,
565 775 750 841 nonnullum
772 776 1045 843 venerationis
1068 778 1220 844 indicium

85 879 216 945 habere
238 877 387 944 nituntur.

183 980 302 1044 Dicunt
324 981 408 1046 enim
430 980 574 1063 primo,
598 979 771 1044 secundum
793 979 981 1064 scripturam
996 980 1218 1068 Geneseos,

83 1080 184 1166 quod
201 1082 290 1146 Deus
307 1080 383 1146 iecit
405 1081 478 1148 duo
502 1098 644 1162 magna
665 1080 897 1165 luminaria,
926 1081 1081 1148 luminare
1104 1084 1218 1169 majus,

80 1189 123 1250 et
155 1182 313 1248 luminare
342 1184 461 1267 minus,
491 1188 526 1247 ut
554 1183 689 1248 alterum
716 1187 880 1267 praeesset
908 1182 988 1267 diei,
1024 1188 1056 1250 et
1083 1186 1219 1252 alterum
1240 1203 1270 1254 ro

80 1284 191 1350 nocti.
230 1284 320 1363 Quae
344 1284 514 1366 allegorice
531 1283 616 1351 dicta
631 1304 709 1350 wesse
731 1284 955 1365 intelligebant
976 1285 1038 1351 ista
1053 1284 1115 1353 duo
1137 1289 1218 1372 regi-

81 1386 194 1469 mina,
217 1385 339 1450 scilicet
362 1386 584 1470 spirituale
607 1391 639 1452 et
660 1386 897 1470 temporale.
933 1387 1059 1454 Deinde
1074 1396 1218 1474 arguunt,

79 1485 185 1568 quod
214 1485 482 1569 quemadmodum
510 1490 617 1572 Luna,
647 1507 729 1570 quae
758 1492 807 1552 est
834 1488 989 1554 luminare
1012 1489 1130 1571 minus,
1156 1511 1220 1558 non

79 1655 162 1723 Cap.
183 1653 229 1707 lV.
274 1653 335 1706 ³V.
357 1652 485 1724 pluribus
508 1673 525 1708 e
547 1655 633 1708 dicer-
752 1655 882 1714 videatur,
908 1672 994 1724 neque
1019 1656 1129 1710 Ficinus
1155 1672 1219 1711 con·

164 1740 203 1792 sis
220 1769 252 1779 -
268 1737 345 1804 Edd,
365 1737 461 1804 quibus
481 1739 633 1793 consentire
752 1741 898 1794 sentiat—
909 1741 1011 1796 Fratic.
1030 1757 1090 1795 cum
1108 1741 1147 1796 M.
1165 1758 1220 1796 aon

165 1823 269 1877 videtur
296 1823 421 1890 Ficinns,
451 1825 581 1895 pluribus
608 1829 634 1877 et
752 1826 837 1879 ullum
856 1841 918 1878 uero

166 1907 291 1961 diversis·
769 1911 885 1964 rationis
902 1910 1057 1965 nonhabet
1074 1910 1108 1964 H.

141 1994 151 2024 ⁴
169 1992 200 2045 P.
219 1994 386 2064 argumentis
402 2000 537 2047 moventes
714 1995 735 2025 ¹⁰
752 1994 786 2046 H.
805 1998 835 2047 ut
852 2010 936 2047 caum
945 2002 1088 2066 praeesset

183 2078 215 2131 F.
229 2077 417 2147 quecquidem
430 2083 591 2149 argumenta
601 2078 635 2132 de
769 2079 801 2133 L.
820 2078 885 2144 diei,
904 2078 1035 2145 alterum,
1054 2081 1151 2135 omisso
1170 2086 1196 2135 et

142 2162 324 2216 ⁰Lectionem
342 2162 446 2217 nullum
464 2179 536 2230 cero,
555 2179 634 2231 quam
770 2164 804 2216 A.
822 2164 854 2216 F.
865 2164 897 2216 L.
917 2163 946 2217 P.
956 2164 988 2218 V.
1007 2164 1123 2218 alterum
1135 2183 1220 2236 prae-

167 2247 229 2300 olim
247 2264 297 2316 pro
316 2246 474 2301 rrorrrrutlcm
491 2263 554 2301 vero
569 2248 632 2301 snb·
754 2253 823 2300 esset
840 2249 915 2302 aceti

121 2367 125 2399 ,
168 2331 330 2386 stituendam
357 2347 417 2385 esse
445 2332 561 2400 conjeci,
587 2347 633 2386 ex·
714 2334 734 2366 ¹²
750 2331 865 2397 scilicet,
884 2330 1034 2387 addidimus
1057 2348 1118 2387 curn
1135 2335 1168 2388 A.
1187 2336 1219 2389 L.

166 2411 241 2471 hibet
259 2416 316 2470 cod.
326 2417 360 2469 A.
371 2416 528 2484 Respiciens
543 2420 634 2470 tamen
752 2416 783 2469 P.
802 2416 834 2468 V.

167 2501 202 2554 ad
220 2501 474 2569 eaquaehabentur
491 2501 518 2554 in
533 2517 591 2570 cap.
602 2505 631 2554 11
769 2507 903 2571 arguant,
928 2501 1013 2568 quod,
1037 2518 1098 2555 cum
1115 2502 1219 2570 Ficino,

167 2586 254 2650 (nobis
285 2589 334 2652 12.)
364 2585 471 2639 restitui
495 2586 634 2654 antiquam
752 2584 854 2639 habent
871 2601 970 2652 omnes
989 2587 1068 2640 abest
1079 2588 1113 2642 ab
1133 2588 1219 2644 editis.

167 2671 316 2736 lectionem,
336 2685 416 2738 quam
430 2670 540 2723 firmant
557 2669 633 2724 codd.
714 2670 735 2701 ¹³
752 2669 783 2722 F.
797 2669 871 2739 qued
888 2670 1045 2724 sicotLarra
1058 2701 1081 2709 —
1100 2672 1129 2725 P.
1146 2674 1221 2744 quod

166 2755 197 2807 F.
216 2755 250 2808 H.
269 2755 301 2808 L.
320 2756 349 2808 P.
367 2755 401 2811 V.
428 2755 492 2808 licet
519 2754 634 2808 orationi
753 2753 865 2823 qucrado
883 2753 963 2807 errrc

166 2840 285 2906 etiam,
304 2840 345 2894 rel
363 2839 522 2908 similequid
540 2839 633 2893 deesse

166 2991 240 3060 dap.
255 2991 307 3046 IV.
337 2992 508 3057 ⁸Genesis
527 2992 651 3047 Ι.15.16.
717 2993 738 3024 ¹⁰
756 2992 916 3061 Scriptores,
935 2992 981 3060 qui
997 2991 1084 3047 medio
1102 3009 1167 3049 aevo
1186 2996 1219 3050 de
1320 3054 1322 3059 s

100 3059 150 3113 hoc
161 3063 319 3127 argumento
329 3064 490 3126 tractarunt,
509 3065 632 3114 recenset
642 3061 715 3113 Arm.
726 3060 891 3114 Famcsnac
900 3061 942 3113 De
950 3060 1046 3114 finium
1053 3061 1124 3116 inter
1132 3065 1219 3118 eccle·

100 3128 166 3181 siam
183 3136 211 3181 et
228 3129 361 3182 civitatem
378 3129 559 3197 regundorum
573 3128 676 3196 judicio
695 3128 769 3196 Lips.
792 3133 863 3182 1861.
882 3146 907 3209 p.
927 3133 1036 3182 38-40.
1067 3129 1108 3183 cf.
1126 3131 1218 3187 Eun-

100 3195 172 3249 dem
189 3196 399 3264 inEphemerid.
415 3197 486 3265 juris
505 3197 600 3250 eccles.
610 3196 684 3249 VIII.
697 3201 806 3251 81-86.
839 3197 964 3250 Sufficiat
981 3197 1114 3253 adducere
1130 3200 1218 3254 locum

101 3263 228 3331 epistolae
252 3266 416 3318 Issocaurn
439 3265 494 3329 III,
522 3265 557 3317 ad
582 3264 705 3318 Alexium
730 3266 862 3332 Angelum
887 3266 1004 3319 Orientis
1027 3266 1219 3336 Imperatorem

98 3333 215 3401 scriptae
243 3333 409 3387 rDecretales
429 3333 549 3400 Gregorii
566 3333 613 3384 IX.
632 3332 694 3387 Lib.
713 3333 733 3386 l.
760 3333 813 3386 Tit.
832 3339 872 3386 33.
891 3350 949 3402 cap.
970 3340 985 3387 6
1003 3337 1018 3398 ξ
1037 3339 1078 3398 4ε1
1114 3337 1219 3400 „Nosse

99 3399 233 3467 debemus,
253 3400 324 3468 quod
341 3401 491 3455 fecitDeus
510 3401 562 3455 duo
573 3416 671 3468 magna
688 3401 831 3454 luminaria
848 3402 877 3455 in
885 3402 1068 3456 firmamento:
1086 3403 1219 3458 luminare

98 3469 194 3536 majus,
213 3476 243 3522 ut
261 3476 398 3538 praeesset
415 3469 475 3533 dici,
495 3473 521 3522 et
538 3469 669 3522 luminare
687 3468 783 3535 minus,
800 3476 831 3524 ut
848 3473 986 3537 praeesset
1002 3471 1085 3523 nocti.
1110 3471 1219 3525 Utrum·

99 3552 149 3604 que
167 3553 305 3604 magnum
325 3537 371 3591 sed
388 3538 502 3590 alterum
519 3537 614 3605 majus,
635 3537 697 3605 quia
714 3538 821 3591 nomine
840 3537 908 3591 coeli
920 3537 1076 3604 designatur
1084 3538 1217 3605 Ecclesia,

93 3605 175 3672 juxta
202 3605 274 3672 quod
297 3604 404 3658 Veritas
430 3606 479 3659 ait:
516 3605 625 3669 „Simile
648 3609 690 3658 est
713 3621 825 3673 regnum
850 3605 986 3658 coelorum
1008 3605 1109 3659 homini
1135 3608 1219 3674 patri-

97 3672 225 3739 familias,
250 3673 295 3741 qui
321 3689 423 3726 summo
450 3689 527 3726 mane
550 3672 678 3726 conduxit
702 3674 839 3742 operarios
861 3674 889 3726 in
906 3673 1011 3726 vineam
1029 3676 1132 3726 suam.“
1167 3676 1219 3729 Per

98 3740 167 3794 diem
184 3757 247 3794 vero
266 3741 413 3807 spiritualis
432 3741 579 3821 accipitur,
603 3747 630 3794 et
647 3757 696 3810 per
713 3748 819 3794 noctem
838 3742 966 3803 carnalis,
991 3741 1137 3794 secundum
1155 3759 1217 3810 pro·

98 3808 235 3876 pheticum
253 3810 435 3863 testimonium
461 3810 534 3873 „dies
555 3808 607 3862 diei
625 3811 731 3862 eructat
748 3809 873 3873 verbum,
899 3814 925 3861 et
949 3824 1003 3861 nox
1026 3809 1100 3861 nocti
1116 3809 1218 3864 indicat

98 3877 264 3930 scientiam.“
300 3877 341 3929 Ad
361 3877 557 3931 firmamentum
575 3877 656 3944 igitur
674 3877 748 3941 coeli,
767 3877 819 3929 hoc
837 3880 879 3930 est
893 3875 1049 3930 universalis
1067 3877 1217 3943 Ecclesiae,

97 3945 163 3998 fecit
172 3945 246 3998 Deus
265 3945 318 3998 duo
337 3962 434 4013 magna
450 3945 602 4009 luminaria,
620 3944 648 3998 id
666 3947 707 3998 est
725 3945 790 3998 duas
803 3960 913 4011 magnas
931 3943 1048 3997 instituit
1065 3944 1216 4012 dignitates,

97 4028 167 4080 quae
193 4016 257 4066 sunt
273 4014 440 4067 Pontificalis
463 4013 627 4077 auctoritas,
655 4017 682 4066 et
698 4012 805 4079 Regalis
830 4017 959 4080 potestas.
996 4011 1048 4064 Sed
1069 4013 1128 4077 illa,
1148 4029 1217 4081 quae

97 4088 206 4148 praeest
224 4081 333 4140 diebus,
359 4081 386 4134 id
404 4087 445 4135 est
463 4081 661 4150 spiritualibus,
686 4081 772 4148 major
789 4086 842 4146 est3
869 4095 936 4148 qnae
954 4095 1015 4134 vero
1034 4080 1173 4138 noctibus,
1190 4083 1218 4135 id

99 4153 140 4202 cst
157 4149 323 4215 carnalibus,
347 4149 447 4214 minor,
470 4153 501 4202 ut
519 4152 620 4216 quanta
638 4151 679 4202 cst
696 4149 765 4202 inter
784 4150 868 4203 solem
886 4154 913 4202 et
930 4149 1034 4213 lunam,
1052 4151 1129 4203 tanta
1146 4150 1218 4204 inter

98 4216 245 4273 Pontifices
263 4223 289 4272 et
306 4218 393 4288 Reges
411 4218 561 4273 differentia
580 4220 784 4284 cognoscatur.“

1066 4305 1079 4353 'l
