2910 4876
267 322 268 327 ’
377 317 513 373 DANTIS
531 316 751 373 MONARCHIA
767 318 815 374 HI.
835 318 864 374 C.
884 323 907 372 3.
1158 315 1198 376 91

60 487 184 555 Deum
203 489 289 556 velle
313 487 400 570 quod
412 509 475 556 non
497 491 573 556 vult.
608 488 819 556 ,Verissimum
834 495 882 556 est
902 489 999 571 igitur
1020 488 1101 555 illud
1114 488 1199 574 prin-

57 590 210 676 cipium,
234 611 275 658 ex
297 589 388 675 cujus
410 590 653 658 contradictorio
676 597 742 656 tam
764 590 902 657 absurda
925 597 1107 673 sequuntur.

539 764 661 839 [carun
682 764 741 839 nu]
787 754 792 767 “

162 878 200 942 In
221 876 365 960 introitu,
395 876 438 942 ad
460 879 679 960 quaestionem
701 880 783 946 hanc
803 884 916 946 notare
940 884 1083 964 oportet,
1114 879 1201 962 quod

55 979 231 1062 Jrrimae
255 978 449 1061 quaestionis
464 980 584 1047 veritas
598 980 702 1062 magis
723 979 959 1047 manifestanda
973 980 1034 1046 fuit
1052 980 1095 1047 ad
1108 980 1198 1062 igno-

64 1081 215 1146 maiam
237 1079 429 1164 tollendam,
453 1101 549 1164 quam
571 1081 614 1147 ad
635 1081 812 1149 tollendum
834 1081 981 1165 litigium.
1026 1080 1093 1149 Sed
1114 1101 1197 1164 quae

67 1181 136 1247 init
156 1180 361 1256 secundae
384 1183 580 1265 quaestionis
603 1184 763 1268 quaestio,
786 1183 964 1267 aequaliter
985 1183 1029 1249 ad
1049 1184 1196 1267 ignoran-
1294 1246 1298 1255 ,

68 1282 154 1349 tiam
179 1289 210 1350 et
231 1282 368 1365 litigium
390 1304 424 1352 se
446 1286 552 1354 habet.
589 1286 692 1352 Multa
713 1285 830 1352 etenim
852 1285 1043 1371 ignoramus,
1067 1286 1108 1353 de
1130 1284 1231 1367 qui-5

74 1383 135 1451 lus
149 1405 215 1452 non
228 1384 406 1469 litigamus;
429 1406 503 1451 nam
517 1391 682 1469 geometra
697 1386 807 1453 circuli
821 1387 1047 1470 quadraturam
1061 1388 1198 1471 ignorat,

75 1504 140 1552 non
161 1492 269 1552 tamen
299 1485 338 1554 de
366 1485 439 1572 ipsa
466 1487 586 1572 litigat;
617 1488 784 1571 theologus
806 1507 882 1555 vero
908 1510 1073 1557 numerum
1094 1489 1198 1573 Ange

104 1619 125 1654 ³⁸
141 1621 176 1672 A.
193 1619 227 1676 L.
247 1625 274 1674 et
291 1620 351 1677 edd.
370 1622 454 1693 iqitur
471 1627 513 1677 est
528 1651 560 1661 -
577 1620 609 1676 F.

142 1721 210 1777 erqo
227 1709 269 1758 est

104 1789 125 1824 ³⁷
142 1790 177 1843 A.
196 1789 227 1844 P.
246 1790 278 1844 V.
303 1795 331 1846 et
355 1790 414 1845 edd.
439 1791 541 1859 antiqu.
564 1791 611 1848 ab·

141 1875 229 1929 surda
246 1880 401 1944 sequentur.

79 1953 141 2030 Cap.
161 1960 209 2013 lII.
252 1960 312 2016 21..
330 1959 369 2014 M.
388 1960 463 2030 quod
474 1960 610 2031 propriae

142 2047 319 2116 quaestionis.

159 2129 198 2184 M.
216 2129 420 2207 manifestanda
443 2129 480 2183 sit
502 2128 540 2182 ad
556 2129 612 2200 iqn.

117 2216 137 2281 ³,
157 2214 222 2268 ⁴M.
241 2214 394 2270 Secundam
413 2215 487 2284 quod
502 2213 561 2283 fuit
578 2242 613 2253 —

141 2301 175 2354 A.
194 2305 222 2354 et
239 2299 297 2354 edd.
310 2303 373 2354 vett.
388 2297 444 2353 Sed
460 2299 535 2369 quod
551 2298 610 2368 fuit

143 2415 174 2424 —
185 2385 286 2440 Fratic.
301 2381 419 2439 Sedisca
434 2385 499 2454 fuit.
510 2412 543 2422 -
556 2382 611 2437 No·

142 2469 247 2524 biscum
264 2470 369 2525 faciunt
387 2468 418 2523 F.
435 2469 469 2522 Η.
487 2467 519 2521 L.
533 2467 567 2521 P.
576 2469 609 2522 V.

117 2555 137 2622 ⁴,
155 2557 165 2588 ⁵
181 2554 214 2608 In
225 2553 278 2608 hoc
296 2553 366 2620 loco,
385 2552 451 2607 satis
473 2552 610 2621 impedito,

142 2637 254 2694 mirifice
274 2638 381 2693 vadant
405 2644 504 2692 antus.
540 2636 610 2692 Edd.

143 2723 308 2794 antiquiores
325 2722 364 2776 ita
382 2722 495 2777 habent:
527 2738 610 2792 quae·

142 2810 249 2873 stianis,
280 2807 415 2878 quomodo
439 2813 466 2862 et
492 2807 611 2877 qualiter

142 2893 180 2950 ud
195 2893 379 2964 iquorantiam
400 2897 427 2945 et
449 2892 564 2962 litiqium
581 2907 611 2946 se

142 2978 247 3034 tabeat.
274 2977 427 3031 Concordat
442 2977 610 3031 Ambros—

143 3063 261 3127 Fratic.,
280 3061 493 3117 emendationem
513 3062 609 3116 olima

142 3147 220 3204 nobis
259 3147 426 3216 propositam
469 3150 608 3216 sequutus,

144 3233 321 3303 quaestionis,
350 3237 381 3285 ut
415 3231 548 3302 quomodo
584 3235 610 3284 et

67 3319 74 3394 ζ
144 3318 216 3388 quat
241 3316 279 3370 ad
301 3317 390 3387 iqnur.
414 3318 453 3371 ita
482 3316 519 3370 ud
542 3315 610 3386 litiq.

142 3399 294 3466 retrahent,
313 3400 384 3469 quod
393 3400 473 3455 hodie
490 3401 610 3468 nonpla-

144 3490 195 3541 cet.
205 3515 239 3526 -
249 3485 307 3540 Fel.
318 3492 345 3541 et
357 3485 415 3539 Pal.
435 3485 610 3557 quaestionis,

142 3571 265 3640 quaestio
284 3575 310 3624 et
328 3571 446 3641 qualiter
465 3569 503 3624 ad
520 3571 609 3640 iqnar.

143 3706 217 3776 (lap.
235 3706 295 3760 111.
332 3707 343 3738 ²
361 3705 452 3760 Prima
461 3705 648 3774 quaestionum
666 3719 680 3758 c

65 3781 146 3842 erat,
165 3790 201 3829 an
217 3774 378 3830 Monarchia
396 3774 431 3828 ad
454 3775 523 3828 bene
545 3788 605 3827 esse
627 3788 692 3826 mun
711 3772 721 3825 i
738 3771 892 3827 necessaria
910 3772 952 3824 sit.

729 1627 756 1676 et
773 1620 811 1676 lit.
830 1637 860 1676 se
881 1620 987 1678 lateat.
1002 1653 1033 1664 -
1050 1623 1084 1677 L.
1106 1627 1134 1678 et
1158 1621 1197 1675 M.

729 1707 897 1777 quaestionis
913 1723 984 1778 quae
994 1708 1037 1774 (L.
1057 1724 1109 1778 .q.,
1127 1705 1200 1776 quod

731 1796 759 1847 ct
776 1790 927 1861 scripturae
943 1792 1131 1862 compendium
1148 1807 1199 1862 pro
1262 1850 1264 1853 ,

686 1926 687 1931 ,
729 1878 852 1946 quaestio
870 1892 929 1932 esse
946 1882 1046 1948 potest)
1064 1876 1200 1947 equaliter

728 1959 767 2015 act
775 1962 830 2031 iqn.
841 1967 868 2014 et
878 1959 915 2013 tit.
923 1974 952 2012 se
961 1959 1060 2015 tabeat
1069 1961 1161 2030 (Magl.
1171 1977 1201 2016 se

731 2043 839 2111 liabent)
851 2075 883 2084 —
893 2044 927 2097 H.
939 2043 1004 2098 etV.
1023 2046 1199 2115 quaestionis,

732 2145 818 2200 quare
841 2135 868 2183 et
894 2130 1062 2200 qualiter...
1098 2130 1130 2184 In
1156 2145 1198 2185 so-

731 2215 875 2283 quentibus
893 2215 926 2268 V.
947 2214 1046 2269 omittit
1058 2219 1085 2268 et
1098 2213 1199 2269 —Nos

731 2298 837 2367 quidem
850 2298 967 2368 vestigiis
984 2298 1106 2353 codicum
1123 2299 1155 2352 F.
1166 2301 1198 2352 L.

730 2384 768 2437 M.
787 2385 818 2438 P.
837 2399 909 2437 nunc
927 2384 1106 2450 inhaerentes,
1124 2375 1197 2440 Fici·

731 2484 849 2536 numqne
872 2467 924 2534 (La
951 2469 1036 2522 verita
1062 2467 1134 2522 detta
1159 2483 1200 2523 se·

732 2552 820 2609 concta
838 2554 972 2624 quistione
988 2553 1023 2623 fa
1036 2568 1091 2623 per
1109 2552 1198 2609 levare

732 2638 903 2709 liquoreum
913 2653 928 2691 e
937 2637 959 2691 il
968 2636 1066 2709 litiqio)
1077 2638 1199 2707 proxime

732 2722 853 2791 sequuti,
878 2725 981 2776 textum
1007 2736 1077 2776 nova
1094 2722 1198 2778 ratione

731 2805 873 2860 emendare
891 2821 982 2861 sumus
1002 2806 1100 2861 conati.

707 2891 769 2944 5Η.
786 2889 876 2945 Multa
893 2892 964 2944 enim
985 2891 1073 2962 iquor.
1099 2922 1133 2930 —
1158 2892 1197 2946 M.

728 2974 818 3030 Multa
837 2977 917 3028 etiam
936 2977 991 3047 iqn.

703 3059 800 3115 ⁶lidd.
820 3059 904 3128 antiq.
923 3077 987 3115 nam
1003 3060 1152 3132 qeometria

703 3145 763 3198 ⁷F.
791 3143 825 3199 de
851 3161 883 3200 ea
914 3147 1005 3218 titiqut
1038 3175 1071 3184 —
1106 3145 1136 3198 P.
1165 3144 1199 3199 cte

727 3247 813 3302 opera
831 3229 869 3284 iit.

746 3314 817 3369 Edd.
846 3316 928 3383 antiq.
958 3309 1042 3370 theol.
1070 3330 1134 3368 uero
1165 3312 1199 3367 de

730 3416 841 3455 numae
850 3399 1016 3472 Areqetorum
1030 3429 1064 3438 -
1074 3398 1106 3452 V.
1117 3396 1197 3452 theol.
1243 3405 1245 3409 ⁴

730 3500 794 3538 uero
822 3491 950 3539 naturam
972 3484 1139 3554 Anqelorum
1167 3512 1197 3522 -

730 3569 872 3638 Sequimur
889 3568 1006 3636 reliquos
1024 3565 1101 3622 codd.

682 3720 698 3758 a
719 3703 854 3759 ‚secundo
872 3702 935 3757 libri
952 3702 973 3756 I.
1015 3699 1197 3768 repositarum

693 3721 716 3826 l

1009 3769 1052 3822 uic
1070 3784 1125 3822 non
1144 3768 1196 3822 nisi

66 3846 108 3900 ad
126 3842 306 3913 ignorantiam
324 3842 469 3897 tollendam
486 3839 704 3909 respondendum
717 3839 814 3904 fuisse,
840 3838 906 3892 dicit
931 3842 1035 3892 auctor.
1071 3835 1197 3891 Secunda

68 3918 133 3969 erat
152 3911 289 3980 quaestio,
314 3926 350 3965 an
374 3910 522 3971 Romanus
536 3909 652 3979 populus
670 3908 847 3962 Monarchiae
871 3905 990 3960 officium
1014 3905 1047 3959 de
1069 3905 1128 3958 iure
1145 3903 1197 3984 silei

69 3979 234 4037 adsciverit:
252 3979 445 4047 veritatemque
463 3979 536 4032 circa
554 3992 627 4041 eam,
646 3981 702 4030 tam
719 3976 755 4030 ad
771 3975 963 4044 ignorantiam,
993 3988 1073 4041 quam
1090 3972 1125 4026 ad
1142 3971 1195 4025 liu-

89 4051 146 4104 'um
164 4063 194 4102 se
210 4047 323 4112 habere,
342 4047 447 4101 asserit.
492 4046 583 4100 Tertio
608 4045 768 4113 quaerebat,
793 4060 828 4097 an
852 4043 1002 4098 auctoritas
1019 4040 1196 4095 Monarchiae

89 4116 225 4187 ependeat
242 4131 259 4169 a
275 4114 334 4170 Deo
351 4115 510 4179 immediate,
529 4115 571 4169 vel
588 4114 623 4168 ab
641 4113 730 4180 aliquo
741 4112 792 4166 Dei
809 4110 944 4177 ministro;
963 4109 1042 4178 cujus
1061 4107 1195 4189 quaestio·

68 4186 129 4250 nis,
147 4186 200 4239 hoc
218 4184 247 4237 in
260 4182 329 4237 libro
347 4183 520 4249 tractandae,
539 4181 678 4237 veritatem
695 4182 777 4235 talem
796 4194 855 4234 esse
873 4179 919 4243 ait,
938 4184 968 4232 ut
988 4179 1016 4232 in
1033 4192 1065 4230 ea
1082 4177 1196 4245 litigium

71 4270 158 4310 causa
175 4253 210 4308 sit
226 4252 402 4320 ignorantiae.
