2902 4874
200 141 241 202 44
504 141 639 197 DANTIS
656 140 879 197 MONARCHIA
897 142 932 196 ΙΙ.
952 157 974 196 e.
993 145 1017 196 3.

196 315 293 398 juxta
313 314 395 379 illud
416 313 660 397 Evangelieum,
688 311 831 397 „Eadem
852 333 1015 398 mensura,
1045 333 1109 395 qua
1130 315 1234 380 mensi
1256 315 1322 380 fue-

201 417 285 501 ritis,
314 415 496 482 remetietur
524 413 652 481 vobis“:
691 415 829 482 maxime
857 416 975 500 nobili,
1003 415 1142 482 maxime
1170 436 1323 501 praeesse

151 539 183 590 uo
202 517 359 584 convenit.
405 515 674 602 Subadsumptam
696 537 789 600 vero,
817 517 1000 583 testimonia
1025 521 1169 584 veterum
1190 538 1322 603 persua

202 619 292 704 deut;
316 638 389 683 nam
405 617 532 684 divinus
546 623 643 702 poeta
657 621 764 685 noster
778 617 997 705 Virgilius,
1020 639 1078 705 per
1093 623 1194 686 totam
1206 619 1322 686 Aenei-

202 719 284 806 dem,
306 719 480 802 gloriosum
502 740 610 804 regem
625 719 777 804 Aeneam,
799 723 924 804 patrem
938 721 1075 788 Romani
1096 721 1209 806 populi
1224 721 1322 789 fuisse

201 828 335 889 testatur
356 821 389 886 in
411 821 596 888 memoriam
619 822 854 907 sempiternam.
900 822 994 902 Quod
1021 822 1139 889 Titus
1162 823 1322 909 Livius,

200 929 362 1008 gestorum
389 924 604 990 Romanorum
632 924 738 989 sariba
765 924 926 1008 egregius,
961 925 994 989 in
1021 925 1125 1009 prima
1151 930 1244 1009 parte
1273 926 1322 991 sui

152 1049 184 1100 25
201 1025 387 1109 voluminis,
411 1044 493 1107 quae
516 1045 537 1090 a
558 1029 652 1108 capta
667 1026 766 1111 Troja
788 1025 884 1091 sumit
906 1026 1088 1111 exordium,
1117 1032 1321 1094 contestatur.

202 1129 264 1208 Qui
286 1127 415 1210 quidem
437 1126 662 1193 invictissimus
685 1133 780 1210 atque
802 1127 964 1212 piissimus
978 1132 1084 1214 pater,
1108 1134 1247 1210 quantae
1269 1150 1322 1195 no-

201 1229 336 1296 bilitatis
365 1228 414 1293 vir
441 1228 551 1312 fuerit,
579 1250 642 1295 non
669 1231 773 1297 solum
796 1249 854 1295 sua
879 1227 1080 1296 considerata
1102 1229 1236 1316 virtute,
1266 1230 1323 1297 sed

202 1331 439 1418 progenitorum
461 1349 589 1396 suorum
611 1335 707 1413 atque
723 1351 867 1416 uxorum,
891 1351 1022 1414 quorum
1041 1337 1246 1415 utrorumque
1268 1354 1321 1399 no-

203 1433 312 1499 bilitas
326 1431 522 1498 hereditario
541 1432 613 1517 jure
634 1433 667 1497 in
682 1434 787 1517 ipsum
803 1432 962 1517 confluxit,
986 1432 1197 1516 explicare
1214 1434 1322 1515 nequi-

152 1559 184 1609 30
202 1556 285 1619 rem,
309 1532 367 1601 sed
389 1554 513 1600 summa
534 1553 650 1616 sequar
671 1535 809 1617 vestigia
830 1554 942 1602 rerum.

287 1638 446 1716 Quantum
479 1654 555 1717 ergo
588 1635 632 1700 ad
672 1636 877 1722 propriam
917 1636 1005 1720 ejus
1043 1636 1328 1722 nobilitatem,

231 1789 252 1820 ¹⁸
270 1787 304 1842 A.
324 1787 355 1840 F.
374 1787 405 1841 1..
427 1787 458 1841 V.
477 1788 557 1841 messi
814 1787 840 1819 2⁶
856 1786 926 1840 Edd.
939 1792 995 1840 ant.
1006 1785 1061 1852 Qui
1076 1786 1150 1855 quid.
1166 1788 1336 1843 mitissimus

228 1873 252 1906 ²⁰
268 1873 302 1928 A.
320 1872 354 1925 Η.
372 1872 405 1926 L.
425 1871 456 1925 P.
473 1872 505 1926 V.
522 1872 736 1928 sribassumta—
815 1871 834 1904 ²¹
852 1872 885 1925 A,
897 1871 928 1925 F.
940 1870 1148 1925 H.1..P.—-M.
1166 1871 1224 1926 vita
1237 1872 1345 1943 fueri?

269 1956 306 2010 M.
325 1958 493 2012 subossumte
857 1985 888 1995 -
908 1956 940 2015 V,
960 1961 988 2011 et
1005 1955 1075 2010 Edd.
1093 1955 1223 2010 omittunt
1240 1958 1284 2011 vir

288 2043 321 2095 A.
340 2041 371 2094 F.
390 2042 423 2095 H.
441 2042 472 2094 L.
493 2041 524 2097 P.
540 2040 572 2091 V.
595 2070 629 2079 -
653 2039 690 2092 M.
711 2043 738 2092 et
873 2039 943 2095 Edd.
961 2040 1098 2095 intersed
1120 2045 1147 2094 et
1165 2043 1340 2113 proqem‘to-
1386 2078 1389 2083 -

270 2127 331 2180 libri
360 2127 485 2195 impressi
516 2133 634 2180 veterum
664 2125 736 2177 testi·
854 2142 915 2178 rum
932 2125 1055 2180 inserunt
1071 2130 1111 2189 et,
1129 2124 1203 2194 quod
1217 2126 1297 2182 abest
1311 2143 1345 2182 a.

270 2214 361 2266 mortio
856 2209 1002 2264 codicibus.

243 2336 247 2343 .
286 2298 320 2350 A.
338 2297 370 2353 F.
389 2297 422 2350 H.
442 2296 521 2350 L.M.
539 2293 735 2349 P.V.-Edd.
774 2294 837 2348 μ’
854 2295 887 2347 Α.
905 2296 1059 2366 penitorum

269 2382 384 2437 suadent
816 2379 837 2411 ³¹
857 2379 890 2432 A.
908 2386 935 2434 et
951 2379 983 2432 F.
1002 2395 1057 2434 nou
1074 2379 1177 2436 habent
1195 2382 1259 2453 ejus

229 2468 252 2500 ²²
269 2466 301 2522 F.
320 2466 350 2520 P.
369 2465 595 2538 pieriosissimum

446 2599 528 2655 Uomo
544 2599 644 2671 pratil,
660 2599 709 2653 obe
722 2602 781 2668 pud
799 2599 903 2664 dicere,
923 2604 967 2666 „io
984 2601 1032 2670 fui

440 2668 554 2739 Nipote,
573 2667 682 2738 ofiqb'o
700 2666 731 2721 di
746 2668 820 2721 catal
835 2668 971 2731 valente,“

443 2735 552 2790 Bencbe
568 2736 610 2790 sia
628 2735 664 2790 da
682 2736 778 2789 niente.

440 2803 488 2858 Ma
506 2805 633 2858 vitia-sium
650 2804 756 2858 sernbra
774 2820 791 2857 a
809 2802 854 2857 obi
870 2804 888 2858 ’l
904 2820 951 2858 ver
967 2811 1053 2876 quota
1416 2756 1424 2859 b

442 2873 493 2926 Cui
509 2873 523 2926 ὲ
538 2879 629 2926 scorto
648 2872 669 2925 il
685 2872 819 2925 cammino
837 2888 852 2925 e
864 2872 964 2943 porcia
982 2872 1070 2926 derra.
1397 2882 1415 2999 p*

204 2954 276 3023 Quos
294 2970 388 3010 versus
404 2955 434 3010 iu
452 2955 577 3009 Couuivio
596 2955 652 3022 (IV.
674 2960 709 3014 3.)
733 2954 773 3010 itu
795 2960 1003 3012 commentatur:
1031 2958 1167 3029 Foderiqo
1191 2959 1224 3013 di
1238 2958 1355 3015 Soave

267 3022 433 3077 dontaadato
451 3023 501 3078 ebe
517 3024 595 3093 fosse
611 3023 775 3095 pentilezza,
791 3026 912 3096 rispose:
939 3024 1052 3093 ‚‚ci‘era
1071 3028 1163 3081 antica
1180 3027 1351 3083 riccbezzae

204 3107 219 3144 e
236 3090 274 3146 be'
293 3095 424 3145 costurai“
435 3131 441 3144 .
453 3132 459 3144 .
472 3131 495 3143 ..
531 3093 556 3143 Ε
574 3091 636 3145 dico
653 3090 702 3145 ebe
720 3097 814 3161 questa
833 3094 960 3163 opinione
977 3095 991 3148 ὲ
1008 3095 1090 3164 quasi
1104 3094 1135 3148 di
1151 3096 1216 3149 tutti
1233 3096 1349 3151 coloro
1395 3119 1396 3123 ¹

205 3156 253 3212 cire
268 3158 360 3227 farsito
377 3158 463 3213 altrei
477 3159 579 3230 perutile
591 3176 646 3230 per
663 3175 751 3213 essere
760 3159 791 3213 di
800 3163 938 3232 propertio
956 3161 1128 3232 luopamente
1143 3168 1219 3218 stata
1235 3166 1353 3228 ricca;
1377 3138 1397 3286 J

204 3227 424 3282 coraciossiarosa
431 3225 479 3281 ebt
488 3228 569 3296 quasi
577 3229 642 3281 tutti
649 3226 705 3282 cosi
715 3226 832 3283 lutrano.
843 3258 869 3267 -
880 3228 919 3282 Cf.
927 3234 953 3283 et
962 3231 1104 3285 Aucuouus
1114 3229 1214 3286 Parad.
1221 3231 1317 3287 XV1.1
1331 3269 1346 3281 .

445 3309 555 3382 Opoca
572 3318 666 3367 nostra
684 3312 786 3368 nobiltd
804 3312 834 3367 di
849 3318 970 3384 rareque!

510 3378 547 3434 Se
563 3380 671 3451 ploriar
688 3380 718 3434 co·
734 3387 759 3434 te
778 3380 805 3434 la
822 3389 901 3452 pente
916 3383 964 3452 fai

509 3446 651 3520 Quaqqiri,
669 3449 736 3503 dove
755 3448 866 3518 [affecto
884 3458 978 3505 uestro
997 3452 1111 3522 ianque,
1173 3446 1179 3460 ‘

442 3565 557 3622 Morou
570 3583 635 3623 cosa
652 3584 708 3622 noa
725 3569 764 3622 mi
779 3571 844 3622 sord
861 3570 931 3632 mai;

512 3635 563 3691 Cir
581 3635 622 3698 ld,
640 3635 708 3690 dove
725 3637 847 3707 amretito
865 3653 919 3690 aon
937 3637 963 3690 si
979 3642 1067 3698 torre,

510 3703 579 3758 Dico
596 3704 642 3758 nel
657 3703 739 3768 ciclo,
757 3707 784 3760 io
802 3720 844 3758 me
860 3720 895 3758 ae
911 3703 1021 3775 ploriai.

443 3820 503 3875 Ben
520 3824 562 3876 sei
577 3831 606 3876 tu
622 3827 713 3876 manto
731 3820 866 3875 oberosto
884 3837 1025 3890 roceorce,

510 3888 541 3944 St
559 3890 620 3955 ebe,
638 3906 668 3945 se
685 3905 740 3944 non
757 3889 874 3960 s'appon
892 3890 923 3943 di
938 3890 981 3944 die
999 3893 1027 3946 iu
1044 3891 1102 3956 die,

509 3957 550 4012 Lo
569 3965 657 4030 tenipo
675 3974 709 4013 va
727 3957 854 4012 diuturno
873 3973 924 4012 con
942 3958 966 4013 le
982 3960 1071 4029 force.

277 4057 297 4089 ¹⁸
314 4056 420 4111 Euius.
439 4058 592 4113 Muranum
610 4065 633 4112 7.
651 4077 674 4112 v.
694 4064 717 4112 2.
