2896 4876
217 293 296 346 XXX
626 289 910 346 Pauuuuomeun.

219 467 329 540 XLIV.
361 467 391 537 l.
432 466 547 557 „Nulla
581 466 632 536 lex
667 466 786 562 pupulo
821 465 1004 538 Christiano
1040 479 1089 539 ost
1121 469 1242 559 danda,
1278 471 1342 542 nisi
1405 504 1411 518 ·

269 596 371 692 ipsius
389 594 492 690 Papae
511 595 709 684 auctoritate,
723 595 807 666 sicut
818 619 878 664 trec
888 595 992 690 aliqua
1005 595 1054 664 lex
1065 596 1126 667 luit
1139 596 1209 668 data
1222 599 1344 693 populo

270 723 456 813 Israelitico,
493 722 553 792 nisi
583 721 745 792 mediante
773 700 881 815 Moyse
902 776 1021 793 .....
1043 723 1133 794 Sicut
1161 723 1342 819 Imperator

270 852 384 946 recipit
418 877 434 920 a
467 849 549 945 Papa
584 849 712 944 imperii
749 849 978 943 temporalium
1013 851 1342 943 administrationem,

268 980 314 1050 sic
329 979 368 1049 ab
381 1003 419 1079 po
433 977 546 1072 recipit
559 977 666 1069 legum
680 988 712 1047 et
722 987 914 1049 statutorum
928 976 997 1069 ojus
1008 979 1271 1073 approbationem
1286 1035 1294 1048 .
1309 1033 1316 1048 .
1335 1036 1342 1050 .

270 1106 361 1178 Sicut
388 1103 457 1198 ejus
484 1104 598 1176 electio
633 1116 665 1174 et
692 1105 895 1175 confirmatio
923 1130 940 1174 a
968 1086 1050 1200 Papa
1079 1106 1257 1199 dependet,
1292 1110 1341 1180 sic

269 1235 377 1328 legum
406 1244 438 1301 et
464 1242 658 1302 statutorum
687 1231 908 1327 approbatio.“

217 1394 327 1466 XLIV.
357 1395 391 1464 tl.
437 1395 550 1485 „Sicut
577 1418 635 1489 per
662 1392 779 1488 Papam
808 1392 988 1489 Imperator
1014 1405 1045 1463 et
1070 1397 1177 1465 omnis
1197 1407 1341 1490 potestas

267 1523 458 1613 instituitur,
485 1522 510 1592 si
530 1522 613 1593 bona
634 1532 692 1611 est,
715 1532 745 1590 et
766 1522 1001 1616 corrigitur,'si
1023 1547 1086 1592 non
1107 1525 1189 1594 laona
1210 1534 1268 1614 est,
1294 1525 1337 1595 ita

268 1650 376 1720 omnis
395 1649 455 1741 lex,
473 1674 708 1746 aquarumque
722 1649 854 1739 seratur,
873 1675 1013 1744 pereum
1036 1661 1083 1720 est
1096 1651 1336 1745 cornprobanda

267 1777 294 1847 si
314 1777 397 1848 bona
417 1777 467 1867 sit,
495 1787 525 1846 et
544 1801 601 1872 per
628 1801 703 1847 eum
723 1787 772 1847 est
790 1778 993 1872 corrigenda,
1020 1779 1046 1850 si
1075 1803 1140 1848 rior]
1160 1777 1245 1848 burra
1264 1781 1339 1850 sit.“

214 1938 339 2010 xbvlt.
359 1939 392 2010 3.
422 1938 479 2030 „Si
498 1939 691 2009 examinatio
709 1952 740 2010 et
759 1940 961 2011 confirmatio
981 1939 1188 2034 Imperatoris
1214 1951 1338 2034 spectat

266 2066 306 2137 ad
334 2066 463 2162 Papam,
480 2079 617 2162 oportet,
640 2067 726 2162 quod
745 2066 964 2162 lmperialium
992 2068 1101 2162 legum
1122 2067 1338 2160 confirmatio,

266 2195 314 2265 vel
346 2195 531 2290 reprobatio
566 2194 716 2265 similiter
751 2195 789 2265 ad
819 2195 925 2289 ipsum
960 2205 1081 2290 spectet
1081 2249 1214 2266 ......
1244 2194 1337 2267 Siout

266 2323 373 2393 omnis
409 2322 542 2392 scientia
578 2322 767 2393 humanitus
801 2322 948 2412 inventa,
980 2334 1029 2393 est
1065 2323 1271 2418 imperfecta,
1305 2335 1336 2394 et

265 2449 420 2547 quaedam
458 2449 572 2520 umbra
615 2461 763 2546 respectu
799 2449 923 2520 divinae
957 2450 1126 2540 scientiae,
1160 2449 1206 2520 sic
1240 2449 1337 2546 Papa,

265 2578 317 2674 qui
334 2588 383 2647 est
398 2577 573 2648 armarium
592 2576 710 2648 Sacrae
726 2577 914 2672 scripturae,
933 2577 1028 2648 debet
1042 2577 1229 2674 Imperiales
1245 2578 1336 2672 leges

264 2705 426 2777 declarare
453 2715 484 2774 et
510 2705 695 2800 supplere.“

213 2953 300 3008 auo.
326 2954 384 3008 ra.
402 2955 423 3007 1.
448 2960 465 3007 r.
486 2953 554 3017 [ux.
574 2953 601 3007 s.
619 2953 851 3007 unaunanuo
871 2954 921 3006 on
941 2952 1180 3007 eousrouua‘r.
1205 2952 1264 3006 ma
1285 2953 1333 3008 vr.

484 3054 778 3120 nonnusquam
798 3055 840 3117 ro.
860 3053 946 3108 mou.
967 3056 1068 3119 uro)

263 3248 368 3332 erem
398 3248 542 3339 gladium
571 3244 631 3344 (sc.
655 3242 884 3344 temporalem)
913 3259 1002 3317 tuum
1033 3250 1089 3335 (sc.
1108 3246 1222 3342 Papae)
1250 3272 1334 3340 esse,

263 3376 315 3471 qui
344 3387 449 3470 negat,
484 3399 547 3444 raon
576 3375 652 3445 satis
680 3375 805 3445 videtur
831 3374 996 3445 attemlere
1026 3374 1158 3444 uerbum
1187 3373 1333 3468 Domini,

262 3503 398 3574 dicentis
434 3505 497 3575 sie:
531 3513 703 3594 „converte
744 3502 885 3595 gladium
925 3514 1036 3573 tuum
1079 3503 1112 3577 iu
1149 3504 1331 3595 raginarn“.
1363 3494 1368 3503 ’

262 3631 372 3702 Tuus
401 3655 477 3724 ergo
500 3629 625 3723 gladius
642 3630 862 3725 evaginandus
878 3631 979 3701 estad
1008 3640 1121 3699 tuum
1138 3630 1331 3724 imperium,

261 3758 415 3853 alioquin,
442 3758 468 3828 si
496 3756 585 3828 nullo
606 3758 703 3828 modo
722 3757 760 3828 ad
777 3769 808 3827 te
824 3757 1012 3854 pertineret,
1044 3755 1226 3827 dicentibus
1244 3758 1331 3852 Apo·

260 3885 369 3955 stolis:
405 3884 510 3974 „Ecce
538 3886 603 3956 duo
632 3886 728 3981 gladii
756 3885 846 3984 bic,“
880 3909 945 3955 nou
975 3884 1197 3980 respondisset
1230 3887 1329 3974 „satis

261 4014 338 4101 est“,
366 4012 434 4102 sed,
462 4038 546 4085 aruns
573 4026 631 4086 est.
685 4014 831 4084 Potestas
860 4037 938 4107 ergo
962 4010 1200 4104 jurisdictionis
1235 4012 1329 4106 spiri-

261 4138 394 4208 tualium
424 4153 455 4212 et
483 4142 709 4236 temporalium
746 4140 930 4211 immediata
965 4150 1013 4210 est
1048 4141 1080 4210 iu
1116 4139 1186 4210 solo
1213 4139 1330 4234 Papa.“
