2896 4876
481 333 767 391 anonaoouunx.
1094 336 1195 391 xnrn
1295 412 1296 421 p

58 509 243 598 conclusio,
269 508 366 579 etiam
401 519 551 604 quartum
580 510 715 581 convivii
749 520 932 601 tractatum,
957 508 1049 604 cujus
1076 512 1189 606 capita,

59 639 126 707 iam
156 659 254 732 supra
282 636 407 707 laudata
430 637 470 708 de
497 636 611 709 iisdem
637 636 881 733 quaestionibus
909 637 1102 733 disceptant,
1117 651 1190 708 ante

60 787 189 836 annum
210 763 305 834 1302
334 766 553 859 compositum
583 765 763 856 esse‚foret
781 763 969 835 dicendum.
1012 765 1097 835 Sunt
1123 767 1192 861 qui·

61 891 138 962 dem
169 891 222 987 qui
251 890 339 961 hune
367 900 536 961 tractatum
563 890 602 960 ad
621 913 743 961 annum
765 890 859 962 1298
880 891 1089 964 referendum
1118 917 1189 966 esse

60 1030 190 1115 putent,
216 1019 272 1089 sed
302 1018 385 1088 lianc
412 1017 599 1113 opinionem
628 1018 749 1089 erroris
773 1016 966 1112 jamdudum
993 1043 1011 1089 a
1039 1043 1091 1090 me
1118 1044 1190 1092 esse

60 1146 245 1217 convictam
274 1144 424 1216 arbitror.
437 1146 484 1235 ⁴⁷)
538 1144 601 1216 Sed
630 1145 714 1216 salva
741 1170 794 1217 res
821 1157 885 1217 est:
913 1146 1015 1242 capita
1043 1145 1188 1218 Convivii

61 1276 107 1346 de
135 1273 252 1369 quilius
279 1271 430 1362 diximus,
448 1273 646 1343 conveniunt
672 1272 803 1369 quidem
828 1296 902 1344 cum
931 1273 1015 1345 libro
1042 1275 1186 1345 secundo

61 1399 290 1483 Monarchiae,
319 1398 375 1469 sed
404 1423 444 1470 ne
471 1400 636 1493 attingunt
662 1400 794 1495 quidem
823 1416 1015 1496 argumenta
1042 1401 1075 1471 in
1105 1402 1187 1473 libro

61 1528 173 1623 primo
208 1536 240 1596 et
265 1526 360 1596 tertio
387 1527 542 1621 exposita.
596 1527 711 1598 Nullus
746 1528 844 1622 igitur
879 1529 911 1599 in
941 1527 1094 1601 Convivio
1122 1541 1190 1600 erat

62 1656 156 1726 loeus
190 1653 478 1748 disceptationibus
513 1677 586 1725 cum
621 1655 813 1726 adversariis
847 1656 1106 1753 quibuscumque
1140 1657 1190 1728 in·
1263 1696 1265 1702 „

62 1781 250 1854 stituendis

168 1904 393 1980 Eadem'lere
432 1908 567 1979 dicenda
601 1919 679 1979 sunt
713 1909 752 1979 de
787 1909 865 2000 alio,
900 1911 985 2006 quod
1021 1910 1106 1981 irlem
1144 1912 1192 1981 vir

62 2038 182 2108 doctus
210 2035 304 2109 nobis
331 2035 463 2131 opponit
490 2046 704 2129 argumento:
739 2060 839 2131 quum
867 2036 989 2108 Dantes
1017 2039 1049 2108 in
1078 2051 1190 2135 quarto

61 2163 211 2236 Convivii
230 2172 366 2234 tractatu
382 2162 520 2233 lectores
538 2161 577 2233 ad
598 2163 745 2233 latiorem
762 2165 939 2235 earumdem
960 2166 1186 2261 quaestionum

61 2292 302 2387 expositionem
323 2291 356 2361 in
372 2289 558 2360 Monarchia
587 2313 652 2360 non
669 2289 806 2384 ableget,
823 2293 1076 2387 supponendum
1106 2318 1187 2384 esse,

61 2433 213 2515 tempore
248 2443 311 2513 quo
339 2416 528 2488 Conuiuium
557 2417 766 2507 scribebatur,
792 2417 1012 2490 Monarchiam
1041 2420 1188 2490 nondum

62 2548 221 2620 extitisse.
273 2544 309 2615 ln
336 2543 490 2615 Convivio
519 2545 548 2615 id
578 2545 683 2616 solum
712 2544 825 2638 agebat
851 2546 983 2634 DanteS,
1011 2557 1045 2617 ut
1071 2548 1190 2618 exami-

62 2685 166 2766 naret,
183 2696 339 2770 quaenam
357 2672 532 2743 auotoritas
548 2672 731 2743 definitioni
746 2672 921 2744 nobilitatis
938 2671 977 2744 ab
988 2674 1186 2772 imperatore

62 2804 155 2874 datae
190 2800 449 2873 tribuendasit.
509 2797 558 2868 Ad
597 2799 679 2869 lianc
715 2823 790 2869 vero
819 2801 1041 2897 quaestionem
1071 2800 1186 2896 dijudi-

62 2930 201 3001 candam
232 2928 367 2999 omnino
395 2927 474 2997 nihil
502 2927 578 2997 lacit
604 2928 824 2998 controversia
859 2928 899 2999 de
933 2930 1188 3025 praeeminentia

64 3058 169 3153 Papae
205 3056 252 3126 vel
279 3055 505 3150 Imperatoris,
539 3054 572 3124 in
600 3053 784 3125 Monarchia
822 3066 963 3128 tractata.
1019 3057 1190 3154 Superllna

64 3188 166 3280 igitur
192 3185 307 3255 luisset
332 3179 428 3275 hujus
455 3182 563 3277 operis
589 3182 748 3276 allegatio.

168 3311 336 3382 Praeterea
370 3321 406 3380 ut
433 3319 575 3380 nostram
611 3310 735 3381 refellat
767 3313 961 3384 sententiam
988 3314 1037 3383 vir
1063 3313 1187 3386 clariss.

64 3441 103 3511 acl
141 3441 223 3511 duos
257 3437 463 3509 Monarclriae
504 3447 657 3533 provocat
692 3437 798 3528 locos,
834 3440 867 3510 in
908 3464 1046 3536 quorum
1086 3440 1187 3513 altero

67 3568 198 3638 exilium
228 3566 378 3655 auotoriS,
405 3565 505 3635 altero
533 3577 640 3636 autem
669 3576 815 3660 tempora
843 3565 974 3637 Henrici
997 3567 1061 3637 Vll.
1088 3570 1187 3638 annui

67 3704 167 3790 putat.
209 3689 309 3784 Cujus
337 3691 425 3763 enim
453 3715 522 3788 cap.
543 3694 577 3762 4.
603 3692 677 3763 libri
696 3691 739 3762 lll
766 3692 965 3781 adversarios
991 3690 1059 3792 (qui
1086 3694 1184 3784 „dum

68 3847 104 3893 ex
131 3819 371 3919 patrelliabolo
400 3829 486 3910 sunt,
502 3818 667 3889 Ecclesiae
695 3843 729 3889 se
756 3819 840 3890 lilios
867 3844 938 3892 esse
966 3821 1108 3914 dicurrt“)
1137 3847 1188 3892 ao-

70 3959 167 4036 cusat,
194 3947 368 4036 iratres,
395 3945 517 4016 scilicet
543 3947 775 4042 expellere,
803 3947 863 4017 hoo
882 3948 922 4018 de
940 3947 1072 4043 proprio
1092 3949 1186 4020 exilio

76 4133 274 4143 ——.-————-

153 4232 181 4296 ⁴⁷l
201 4230 313 4285 Dante's
331 4229 460 4301 Lyrische
479 4229 619 4284 Gedichte.
656 4230 707 4284 Ed.
726 4228 846 4283 secunda
864 4244 891 4296 p.
910 4234 1017 4285 59-63.
