2896 4876
405 1301 564 1384 LIBRI
588 1300 822 1383 OCCASIO
845 1302 917 1383 ET
940 1300 1098 1383 FINIS.

671 1499 824 1510 -u—-m—-a

287 1659 665 1750 261111116661161116666,
692 1659 873 1758 eorumque
901 1673 1162 1758 propugnatores
1189 1663 1266 1734 inde
1293 1688 1312 1735 a

187 1788 391 1886 temporibus
411 1787 560 1882 Gregorii
575 1788 640 1858 Vll.
661 1798 789 1885 praeter
806 1789 1007 1884 spiritualem
1027 1810 1192 1862 summam
1211 1791 1309 1863 etiam

187 1919 221 1989 in
249 1915 484 2013 temporalibus
510 1927 702 2012 potestatem
718 1915 894 2008 Ecclesiae,
920 1917 969 1988 vol
996 1929 1030 1988 ut
1056 1920 1176 1990 rectius
1203 1918 1320 2003 (licam⁴

187 2042 307 2142 Papae,
332 2044 528 2133 vindicasse,
564 2053 639 2114 nota
666 2068 719 2116 res
741 2057 800 2116 est.
854 2043 958 2139 Hujus
986 2030 1225 2143 usurpationis,
1268 2070 1311 2117 ne

188 2173 284 2244 bodie
302 2172 433 2268 quidem
453 2171 640 2263 exstinctae,
667 2173 857 2267 specimina,
883 2174 1120 2268 praecaeteris
1149 2173 1313 2262 notabilia,

188 2311 343 2395 leguntur
377 2300 410 2370 in
445 2299 672 2394 compluribus
706 2298 865 2396 Paparum
910 2301 1056 2396 epistolis
1083 2300 1312 2392 decretalibus,

188 2429 291 2500 tribus
310 2438 385 2523 puta
406 2426 586 2497 innocentii
605 2424 663 2497 lll:
680 2426 822 2517 „Solitac
841 2427 1070 2522 benignitatis“
1089 2428 1178 2517 (anni
1201 2427 1311 2500 1200.

188 2554 266 2652 Cap.
296 2555 329 2626 6.
363 2555 402 2625 Χ.
437 2553 485 2623 De
512 2552 690 2647 Majoritate
723 2564 755 2624 et
789 2554 971 2625 obedientia
997 2554 1021 2624 l.
1058 2554 1148 2645 33.),
1185 2555 1312 2645 „Verre-

188 2684 343 2756 rabilem“
378 2682 466 2771 (anni
498 2679 605 2752 1201.
649 2678 725 2776 Cari.
756 2682 815 2752 34.
850 2680 888 2751 Χ.
922 2681 970 2752 De
998 2681 1164 2754 Electione
1191 2680 1215 2750 l.
1252 2682 1313 2775 6.),

188 2823 219 2880 61
245 2810 362 2901 „Novit
388 2810 462 2881 illa“
496 2808 619 2895 11204.
659 2806 737 2905 Cap.
768 2808 824 2879 13.
862 2808 900 2879 Χ.
938 2808 987 2878 De
1013 2808 1149 2880 iudiciis
1176 2808 1213 2878 ll.
1254 2809 1313 2900 l),

188 2962 253 3008 uria
280 2936 462 3007 innocentii
489 2935 550 3007 lV:
585 2935 656 3027 „Ao
685 2935 901 3030 apostolicae“
928 2932 1054 3033 (1215.
1084 2934 1161 3032 Cap.
1191 2936 1225 3006 2.
1263 2936 1310 3008 De

188 3064 349 3136 sententia
383 3074 415 3134 et
449 3088 484 3134 re
507 3062 577 3156 jud.
616 3062 652 3133 ln
680 3063 789 3134 Sexto.
827 3063 864 3133 ll.
897 3052 965 3154 ll.)
1001 3074 1033 3133 et
1059 3063 1184 3135 duobus
1214 3062 1314 3134 iloni·

190 3192 263 3263 locii
289 3191 359 3261 Vlll
392 3189 550 3282 „Cleriois
584 3191 702 3261 laicos“
729 3185 854 3287 (1296.
891 3188 968 3287 Cap.
998 3190 1031 3260 3.
1076 3190 1122 3261 Dc
1152 3190 1312 3262 lmmuni-

116 3326 119 3331 ’
188 3329 252 3391 1616
279 3318 441 3390 ecclesian.
469 3318 546 3389 ibid.
579 3317 632 3388 lll.
667 3315 729 3414 23)
758 3327 789 3388 61
822 3317 947 3408 „Unam
984 3322 1149 3392 sanctam“
1184 3314 1331 3415 (1302,

189 3448 266 3546 Cap.
299 3448 329 3519 1.
366 3445 606 3538 Extrovagantt.
634 3469 756 3516 comm.
781 3445 828 3516 De
855 3443 992 3539 blajorit.
1019 3457 1052 3516 et
1078 3446 1171 3517 obeol.
1206 3446 1230 3516 l.
1260 3443 1311 3546 8.)

291 3576 403 3670 Neque
437 3573 629 3662 defuerunt,
666 3573 721 3668 qui
756 3575 873 3669 privata
909 3573 1101 3644 auctoritate
1128 3575 1310 3647 scribentes

190 3703 306 3774 similia
354 3709 549 3792 statuerent,
597 3712 632 3771 ut
679 3702 708 3772 b.
751 3700 959 3771 bernhardus
1001 3696 1311 3799 Clarevallensis¹⁹)‚

189 3832 220 3903 b.
255 3830 397 3902 Thomas
431 3827 593 3923 Aquinas,
632 3827 825 3924 Speculator
866 3827 1023 3899 Suevicus
1064 3828 1132 3898 rel.
1174 3829 1308 3901 Nullum

274 4095 301 4157 19)
319 4092 393 4148 Libri
404 4094 802 4162 quinquedeConsideratione
813 4094 848 4146 ad
859 4093 1012 4161 Eugenium
1030 4094 1077 4147 ΙΙΙ.
1097 4093 1206 4160 Papam.
1227 4093 1310 4160 Apud

190 4185 346 4242 Goldast.
383 4188 539 4243 Monarobia
557 4188 583 4241 S.
602 4188 720 4242 Romani
738 4186 853 4255 Imperii.
880 4186 914 4240 ΙΙ.
944 4191 1054 4242 68-86.
