2902 4874
340 283 475 340 DANTls
492 282 711 340 MONARcfflA
727 285 749 339 Ι.
768 285 797 341 c.
816 289 839 340 3.
858 290 905 354 (r).
1160 281 1179 343 7

40 456 95 522 Εῖ
125 457 189 522 hee
221 456 381 539 quaeritur
407 456 460 522 hie
487 461 639 539 tanquam
666 455 854 542 principium
887 456 1100 539 inquisitionis
1133 456 1179 524 di-

38 558 220 626 reetivum.

144 661 278 744 Propter
302 658 389 740 quod
411 658 574 726 seiendum
596 664 645 726 est
665 659 777 743 primo,
802 659 887 741 qued
903 661 992 725 Deus
1013 666 1046 725 et
1066 665 1181 726 natura
1200 675 1231 726 rs

40 763 98 827 nil
125 761 263 828 otiosum
284 760 374 844 laeit3
398 760 456 828 sed
478 759 633 843 quidquid
646 760 753 844 prodit
766 761 800 826 in
815 781 895 846 esse,
919 767 968 828 est
982 760 1025 826 ad
1039 763 1181 844 aliquam

43 862 289 951 operationem.
325 862 399 927 Non
420 861 505 927 enim
528 859 667 929 essentia
687 862 755 927 ulla
777 868 884 928 ereata
902 864 1032 929 ultimus
1046 863 1118 930 finis
1132 870 1182 931 est

43 966 85 1031 in
109 964 290 1032 intentione
313 963 458 1047 creantis,
480 963 513 1028 in
536 968 689 1045 quantum
711 983 831 1047 ereans,
854 963 912 1030 sed
930 964 1060 1049 propria
1075 984 1180 1031 essen-

44 1069 122 1135 tiae
146 1065 299 1151 operatia.
340 1064 434 1132 Unde
456 1071 520 1149 est,
544 1066 631 1147 quod
651 1086 715 1132 non
737 1065 880 1150 operatio
901 1066 1032 1150 propria
1052 1070 1182 1151 propter

44 1169 242 1251 essentiam,
265 1168 323 1234 sed
345 1167 576 1252 haeepropter
597 1167 687 1232 illam
709 1168 807 1234 habet
829 1173 864 1232 ut
885 1167 935 1234 sit.
1021 1219 1023 1224 .
1199 1165 1232 1218 ²⁰

144 1271 205 1335 Est
226 1287 302 1350 erge
325 1268 435 1349 aliqua
455 1268 585 1353 propria
607 1269 750 1354 operatio
772 1268 931 1334 humanae
955 1269 1182 1354 universitatis,

47 1373 99 1439 ad
125 1391 223 1454 quam
244 1370 316 1454 ipsa
337 1369 528 1436 universitas
549 1370 712 1437 hominum
732 1371 765 1436 in
780 1377 869 1437 tanta
883 1371 1083 1438 multitudine
1098 1371 1181 1438 ardi-

46 1480 170 1557 natur‚
198 1470 242 1537 ad
270 1490 365 1553 quam
394 1470 523 1554 quidem
552 1473 769 1557 operationem
796 1494 856 1540 nee
883 1473 977 1541 hemo
1000 1494 1095 1559 unus,
1123 1494 1184 1541 nee

48 1577 176 1645 domus
196 1593 275 1658 una,
303 1592 362 1639 nee
390 1593 454 1638 una
482 1572 613 1658 vicinia,
642 1595 701 1641 nee
728 1593 792 1640 una
814 1575 942 1660 civitas,
970 1597 1030 1643 nee
1051 1594 1183 1658 regnum

44 1677 254 1766 particulare
268 1674 448 1760 pertingere
462 1679 576 1758 petest.
610 1677 699 1756 Quae
715 1680 821 1742 autern
837 1675 878 1742 sit
892 1676 959 1761 illa,
980 1676 1183 1743 manifestum
1201 1690 1233 1742 25

47 1781 124 1864 fiet,
148 1779 178 1845 si
198 1777 345 1842 ultimum
360 1776 400 1842 de
413 1777 558 1861 potentia
571 1777 668 1844 tetius
683 1777 889 1844 humanitatis
904 1783 1069 1864 appareat.
1101 1777 1183 1846 Dino

50 1901 148 1964 ergo,
173 1877 259 1961 quod
279 1879 368 1943 nulla
389 1878 449 1962 vis,
472 1899 492 1943 a
512 1879 657 1962 pluribus
683 1879 789 1964 speeie
818 1878 954 1947 diversis
975 1880 1184 1965 parteeipata‚

49 1984 209 2050 ultimum
230 1985 279 2047 est
302 1979 342 2047 de
363 1980 507 2065 potentia
528 1980 663 2046 alieuius
683 1981 819 2047 illerum.
860 1982 952 2067 Quia,
975 2001 1072 2064 quum
1093 1980 1184 2065 illud,

51 2085 150 2170 qued
173 2088 221 2151 est
242 2081 387 2147 ultimum
408 2082 489 2166 tale,
518 2082 559 2147 sit
580 2082 817 2149 constitutivum
838 2083 967 2169 speciei,
990 2089 1184 2168 sequeretur,

53 2185 151 2271 qued
172 2205 236 2250 una
259 2185 399 2252 essentia
417 2184 562 2269 pluribus
583 2184 750 2270 speciebus
772 2190 857 2252 esset
878 2185 1070 2270 speeifieata,
1098 2183 1235 2267 quadan

53 2294 112 2358 est
132 2286 340 2373 impassibile.
384 2286 458 2353 Non
480 2291 529 2352 est
551 2304 627 2368 ergo
650 2285 702 2350 vis
720 2286 834 2351 ultima
854 2286 888 2350 in
909 2286 1053 2371 homine,
1080 2286 1185 2373 ipsum

57 2411 136 2460 esse
159 2387 346 2472 simpliciter
367 2391 544 2473 sumptum,
573 2386 649 2469 quia
677 2387 773 2454 etiarn
801 2388 847 2454 sie
874 2393 1034 2473 sumptum
1056 2390 1098 2454 ab
1120 2388 1183 2454 ele-

56 2491 179 2560 mentis
196 2490 419 2574 participatum
441 2510 500 2557 nee
515 2508 587 2556 esse
602 2489 900 2574 complexionatum,
923 2490 998 2572 quia
1012 2490 1073 2556 hee
1087 2489 1185 2556 etiam

57 2593 221 2680 reperitur
241 2592 274 2657 in
295 2591 515 2676 mineralibus3
542 2611 602 2657 nee
624 2609 694 2657 esse
716 2589 900 2674 animatum,
924 2591 999 2673 quia
1019 2592 1066 2657 sie
1088 2590 1185 2658 etiam

59 2697 97 2761 in
119 2694 254 2779 plantis3
283 2715 343 2761 nee
365 2713 436 2760 esse
458 2691 736 2776 apprehensivum,
753 2692 835 2775 quia
856 2693 903 2760 sie
924 2697 957 2759 et
977 2692 1236 2778 participaturus

91 2897 113 2932 ¹³
129 2897 163 2950 A.
178 2895 210 2949 L.
221 2896 260 2949 M.
270 2895 300 2950 P.
310 2896 386 2951 —V.
398 2893 436 2949 Et
446 2893 491 2950 hie
505 2910 599 2964 quaer.
719 2895 778 2948 ord.
788 2925 821 2933 —
835 2895 869 2949 F.
888 2896 916 2950 in
934 2898 1038 2950 tantam
1055 2899 1187 2967 operatur

134 2980 179 3036 ln‘e
196 2985 290 3051 tanqu.
315 3012 348 3020 —
372 2980 404 3033 F.
421 2984 450 3034 et
466 2979 538 3036 Edd.
564 2977 602 3033 Et
719 2978 891 3034 multitudine

134 3063 179 3120 lu’e
195 3066 338 3135 quaeritur
356 3070 449 3136 tanqu.
678 3062 702 3096 ³⁴
719 3062 788 3118 Edd.
806 3079 856 3119 nee
872 3064 972 3120 vicinia

151 3150 214 3205 Vox
234 3151 404 3223 princepum
427 3165 482 3205 non
504 3148 602 3217 legitur
676 3148 700 3181 ³³
717 3148 749 3203 F.
766 3153 807 3204 est
823 3149 857 3204 de
869 3150 996 3222 potentia
1014 3149 1122 3206 illerum

134 3234 164 3289 in
181 3235 213 3289 F.
676 3233 700 3266 ³³
717 3233 750 3288 F.
768 3233 891 3288 ultimum
908 3235 945 3290 sit
961 3239 1045 3290 const.

92 3323 116 3355 ¹⁵
133 3321 165 3374 A.
175 3319 253 3375 —al.
264 3319 403 3374 sciendum
415 3319 509 3391 primo
528 3317 604 3389 quod
675 3318 699 3352 ³⁰
716 3317 752 3373 A.
770 3323 833 3388 pest
850 3319 966 3374 essentia
983 3319 1058 3375 addit
1065 3319 1122 3374 siue
1133 3335 1188 3391 pe·

135 3436 169 3445 -
185 3405 217 3463 F.
234 3403 373 3458 sciendum
391 3404 465 3474 quod
722 3404 806 3458 tentia

93 3491 117 3525 ¹³
131 3489 164 3544 F.
182 3491 297 3544 otiosum
313 3488 423 3559 faetent
429 3507 440 3552 ;
463 3489 513 3543 sed
529 3488 604 3560 quad
676 3488 700 3521 ³²
717 3485 1029 3542 A.F.H.L.V.-M.P.
1041 3489 1189 3560 qutaetsie
1214 3552 1216 3554 ,

131 3574 229 3646 prodit
677 3573 701 3606 ³³
717 3572 797 3627 Turn.
821 3577 849 3628 et
872 3571 975 3627 Fratie.
1001 3575 1066 3643 quta
1089 3578 1117 3628 et
1136 3572 1188 3629 hee

93 3661 116 3694 ¹⁷
133 3658 202 3714 Edd.
221 3656 333 3713 Minime
348 3658 418 3713 enlm
436 3672 487 3712 ess.
720 3659 858 3729 reperitur

95 3745 118 3778 ¹³
133 3743 168 3798 Η.
179 3742 488 3798 nnuman-Eddana.
504 3741 603 3799 Verum
678 3744 701 3776 ³³
718 3743 751 3796 F.
769 3742 804 3796 H.
821 3742 853 3796 L.
871 3742 903 3797 P.
921 3741 953 3797 V.
971 3772 1005 3782 -
1031 3740 1068 3796 A.
1085 3743 1187 3798 anime·

138 3832 185 3884 est.
203 3827 299 3880 -An
321 3825 394 3882 Unde
410 3843 503 3882 naum
520 3831 578 3884 est?
723 3828 794 3883 libres
818 3858 848 3867 -
875 3826 914 3881 M.
939 3831 967 3881 et
989 3825 1066 3882 Vers.
1084 3826 1187 3884 Fieini:

94 3915 120 3948 2²
136 3913 168 3966 F.
188 3911 225 3967 ad
242 3927 322 3982 quam
341 3911 449 3982 quidem
467 3914 528 3984 ipsa
723 3911 894 3967 naturalibus

94 4000 118 4034 ²²
135 3998 171 4052 H.
186 3997 220 4051 V.
239 3998 266 4052 in
285 4001 387 4052 tantam
409 3999 605 4056 multitudinem

141 4152 164 4185 ²⁶
181 4149 310 4206 Ultimum
327 4151 399 4221 quad
414 4167 499 4221 genus
517 4152 663 4208 humanum
680 4149 786 4218 assequi
799 4151 896 4218 petest,
914 4150 1190 4208 summusetultimus

71 4218 133 4277 finis
148 4219 334 4275 humanitatis.
