2910 4876
1171 288 1229 350 143

110 466 176 534 Gap.
199 469 223 518 5.
259 465 392 533 Populum
410 465 574 526 Romanum,
594 462 760 530 subjiciendo
776 461 827 516 sibi
846 462 955 529 Orbem,
974 462 1076 517 bonum
1093 462 1233 531 IteIpubli·

200 610 206 618 ,
264 565 325 613 cae,
345 556 371 603 et
388 549 448 603 ideo
464 549 546 603 finem
561 547 638 616 jurIS,
656 547 812 602 intendisse.

112 661 114 664 ⁴
138 678 153 702 „
199 641 223 688 6,
260 634 472 703 Quemcumque,
491 634 536 702 qui
553 633 632 686 finem
647 633 718 701 jurIs
735 632 862 697 intendit,
882 648 943 686 cum
958 631 1020 701 jure
1038 631 1122 700 gradi.

137 763 153 787 „
198 725 220 772 1.
256 719 408 773 Romanum
425 719 555 787 populum
573 724 698 771 anatura
716 718 750 771 ad
767 717 951 786 imperandum
970 716 1123 770 ordInatum
1140 717 1231 771 luisse.

137 845 154 868 ‚‚
199 809 223 858 8.
259 803 381 857 Romano
393 804 494 873 populo
511 802 656 870 Imperium
667 806 828 871 competere,
843 801 945 869 judicio
957 801 1007 854 Dei
1018 807 1154 855 ostensum
1164 817 1232 857 esse.

138 930 154 955 ‚,
199 894 223 942 9.
259 888 410 942 Romanum
427 889 557 957 populum
582 887 685 941 cunctis
709 886 929 940 athletizantibus
953 902 1003 954 pro
1021 886 1136 953 Imperio
1154 902 1232 956 prae·

261 973 385 1028 valuisse.
466 1000 467 1003 ¹

137 1100 154 1124 „
184 1063 222 1112 10.
260 1057 338 1126 Quod
355 1072 403 1126 per
420 1057 537 1112 duellum
554 1055 719 1124 adquiritur,
738 1055 846 1124 dejure
865 1055 977 1122 adquin.

139 1185 154 1210 „
185 1149 223 1198 11.
259 1143 358 1196 Duella
374 1142 469 1211 populi
486 1141 609 1195 Romani.

140 1269 156 1293 ‚,
187 1232 225 1282 12.
262 1228 400 1283 Christum
416 1226 567 1293 nascendo,
588 1225 691 1294 justam
710 1238 769 1278 esse
786 1224 976 1278 auctoritatem
993 1224 1101 1293 Imperii
1119 1223 1235 1277 Romani

266 1312 441 1381 persuasisse.

138 1438 154 1462 ,‚
185 1403 225 1453 13.
261 1397 399 1452 Christum
408 1395 546 1450 moriendo
561 1394 778 1463 jurisdictionem
790 1393 905 1447 Romani
923 1394 1032 1463 Imperii
1050 1409 1133 1462 supra
1149 1396 1235 1448 totum

265 1483 412 1536 humanum
429 1496 513 1548 genus
532 1479 714 1536 confirmasse.

531 1749 643 1803 LIBER
661 1748 819 1803 TERTIUS

111 1853 216 1908 Urnunr
234 1869 408 1907 aucroarrss
426 1853 604 1905 lionancnns
622 1850 736 1904 Romam
757 1866 915 1904 innuamus
939 1867 957 1903 a
975 1850 1038 1904 Dso
1061 1867 1234 1918 nnrnnosar,

462 1953 499 1989 nu
516 1952 552 1988 an
570 1951 672 1998 aarouo
691 1935 745 1988 Dur
764 1951 886 1990 musmo.

113 2091 179 2158 Cap.
205 2097 225 2144 1.
261 2090 442 2144 Prooemium.

140 2215 156 2239 ‚‚
202 2178 225 2227 2.
260 2175 348 2228 Deum
366 2174 437 2228 nolle
455 2190 525 2242 quae
544 2178 659 2226 naturae
676 2172 819 2227 intentioni
836 2178 996 2240 repugnant.

140 2297 157 2321 ‚,
202 2263 224 2310 3.
262 2257 326 2310 Tria
343 2258 556 2311 adversariorum
573 2272 684 2323 genera,
710 2260 737 2310 et
755 2257 787 2310 de
804 2256 901 2320 nImIa,
920 2271 1000 2323 quam
1018 2256 1096 2309 multi
1112 2257 1234 2312 traditi0·

267 2341 347 2395 nibus
364 2341 500 2406 tribuunt,
519 2342 690 2395 auctoritate.

141 2468 157 2491 „
202 2431 226 2480 4.
262 2426 456 2494 Argumentum
474 2425 687 2478 adversariorum
707 2440 723 2478 a
741 2425 796 2478 sole
814 2428 841 2477 et
857 2424 923 2476 luna
940 2423 1099 2478 desumtum.

141 2552 157 2576 ‚,
202 2517 226 2566 5.
262 2513 458 2579 Argumentum
475 2525 491 2562 a
508 2509 698 2577 praecedentia
716 2508 780 2562 Levi
801 2523 866 2576 prae
883 2508 964 2562 Juda.

140 2637 157 2662 ‚,
203 2602 227 2652 6.
262 2598 457 2663 Argumentum
481 2610 497 2647 a
516 2593 652 2648 creatione
675 2602 702 2648 et
720 2592 886 2662 depositione
904 2593 991 2647 Saulis
1009 2608 1058 2661 per
1075 2593 1234 2648 Samuelem.

141 2723 157 2747 „
202 2688 226 2735 1.
261 2682 457 2748 Argumentum
475 2678 509 2731 ab
528 2677 664 2733 oblatione
683 2679 831 2746 Magorum.
865 2683 869 2691 ‘

142 2809 158 2833 „
204 2771 227 2820 8.
263 2768 458 2832 Argumentum
477 2781 493 2818 a
510 2767 645 2832 potestate
663 2763 777 2817 clavium
795 2762 875 2816 Petro
895 2778 1032 2839 concessa.

141 2892 157 2915 „
203 2855 226 2904 9.
263 2851 460 2918 Argumentum
478 2866 494 2903 a
513 2849 617 2903 duobus
634 2848 737 2916 gladiis.

142 2977 158 3002 „
189 2940 227 2989 10.
264 2936 459 3002 Argumentum
476 2949 493 2986 a
510 2933 655 2988 donatione
674 2932 851 2987 Constantini.

140 3062 157 3086 ‚,
188 3024 228 3073 11.
264 3020 458 3086 Argumentum
489 3019 524 3072 ab
551 3017 726 3071 advocatione
758 3016 849 3071 Caroli
876 3017 968 3084 Magni
993 3031 1044 3086 per
1069 3017 1236 3072 Hadrianum

268 3103 380 3172 Papam.

142 3230 158 3254 „
189 3193 228 3243 12.
263 3190 430 3255 Argumenta
447 3203 464 3240 a
480 3187 585 3241 ratione
603 3187 726 3241 deducta.

141 3314 157 3338 „
186 3280 226 3330 13.
262 3273 459 3327 Auctoritatem
469 3271 609 3326 Ecclesiae
625 3289 679 3326 non
697 3287 757 3326 esse
775 3271 1042 3340 causamImperialis
1056 3272 1235 3327 auctoritatis.

142 3398 158 3422 ,‚
190 3364 228 3413 14.
262 3357 415 3413 Ecclesiam
432 3356 513 3410 talem
531 3356 718 3410 auctoritatem
737 3371 824 3425 neque
842 3356 936 3420 aDeo,
955 3373 1041 3425 neque
1060 3373 1076 3410 a
1093 3373 1130 3423 se,
1149 3372 1236 3425 neque

268 3443 302 3496 ab
321 3443 411 3509 aliquo
429 3440 596 3509 Imperatore
613 3441 755 3510 recepisse.

142 3568 158 3593 „
188 3531 227 3580 15.
263 3527 398 3580 Virtutem
408 3523 593 3577 auctorizandi
609 3525 753 3593 Imperium
764 3542 822 3580 esse
841 3532 936 3580 contra
954 3533 1079 3579 naturam
1088 3524 1236 3579 Ecclesiae.

141 3655 157 3679 „
188 3617 226 3667 16.
263 3609 458 3666 Auctoritatem
476 3607 584 3676 Imperii
601 3608 753 3664 immediate
771 3611 920 3679 dependere
938 3627 955 3664 a
973 3612 1038 3664 Deo.
