2896 4876
440 1134 912 1218 raotuoouuun.
996 1110 1000 1114 ‘

318 1339 563 1405 TEXTUS
600 1337 1041 1408 cousrtrurto.

511 1522 679 1578 ALIORUM
699 1523 844 1579 STUDIA.

604 1734 752 1741 ›——..-

213 1886 284 1958 Nee
309 1883 488 1956 lllrnsrutus
521 1884 672 1975 Froruus,
707 1886 760 1980 qui
796 1887 926 1956 saeculo
960 1886 1026 1957 XV.
1063 1889 1102 1959 ad
1136 1891 1236 1962 finem
1382 1945 1384 1948 .

105 2023 268 2110 vergente
289 2012 404 2083 Dentis
427 2013 467 2082 de
489 2011 675 2084 Monarchia
698 2013 798 2083 libros
818 2013 850 2082 iu
879 2038 1065 2087 sermonem
1094 2020 1237 2090 italicum

110 2142 301 2232 transtulit,
328 2164 389 2211 uec
416 2141 542 2236 primus
570 2142 677 2237 operis
704 2141 805 2235 ipsius
833 2141 937 2211 editor
963 2141 1130 2217 louruuns
1157 2145 1239 2219 Oro·

109 2295 209 2343 ninus
237 2269 404 2339 codicibus
432 2268 526 2339 nobis
554 2267 781 2364 superstitibus
806 2270 854 2338 usi
883 2282 975 2360 sunt,
1011 2273 1059 2342 vel
1079 2285 1185 2366 certe,
1212 2281 1237 2345 si

111 2399 201 2469 sorte
222 2421 326 2467 unum
339 2397 388 2466 vel
407 2396 543 2466 alterurn
572 2418 685 2466 eorunr
714 2395 923 2489 inspexerint,
949 2397 1132 2470 studiorum
1161 2427 1237 2473 suo·

110 2549 189 2596 rum
217 2524 428 2595 fundamenta
458 2523 587 2594 aliunde
615 2524 844 2618 repetiverunt.
898 2524 1003 2607 Quem
1032 2528 1119 2596 enirn
1154 2529 1234 2600 alter

111 2676 231 2723 eorum
261 2652 365 2722 italice
397 2650 512 2741 reddit,
538 2660 570 2720 et
597 2651 677 2720 aller
704 2650 787 2746 typis
815 2651 1011 2746 exscriptum
1044 2668 1238 2748 praesentat,

112 2792 238 2871 textuS,
273 2779 437 2850 multoties
465 2778 638 2864 lectiones,
674 2801 792 2872 easque
821 2777 905 2848 haud
933 2804 1007 2849 raro
1042 2783 1237 2877 probandas,

114 2908 258 2998 exhibet,
285 2907 418 3003 quaein
441 2907 530 2976 nullo
548 2906 697 2975 codicum
718 2915 905 2976 nostrorum
929 2907 1099 2979 habentur.
1135 2910 1236 3006 Cujus

113 3035 163 3106 rei
205 3035 303 3106 fidem
348 3034 438 3124 facit,
476 3050 577 3128 'quaro
615 3033 842 3103 adnotavimus
875 3035 1051 3107 lectionum
1087 3040 1235 3111 varietas.

116 3162 277 3259 Exempla
296 3164 333 3233 ad
354 3162 380 3232 F
391 3162 494 3232 ioini
523 3162 705 3232 versionem
726 3162 902 3257 spectantia
931 3163 1086 3255 invenies,
1113 3167 1139 3236 si
1159 3191 1239 3238 con·

115 3290 233 3361 tuleris
260 3300 352 3361 notas
378 3289 417 3359 ad
450 3277 571 3359 librum
601 3289 744 3384 primunr
773 3314 842 3384 oap.
872 3288 892 3359 3
922 3289 977 3360 lin.
1008 3292 1066 3383 11,
1092 3318 1160 3390 cap.
1193 3296 1233 3364 11

116 3418 183 3488 tin>
206 3417 271 3509 33,
298 3442 366 3513 cap.
399 3417 442 3487 12
480 3416 536 3486 lin.
565 3415 630 3506 26,
657 3440 725 3512 oap.
759 3416 802 3485 13
832 3416 888 3487 lin.
919 3419 959 3506 5,
987 3419 1043 3488 lin.
1073 3419 1141 3510 30,
1168 3445 1238 3517 oap.
1345 3432 1347 3436 ‘

118 3545 168 3615 14
204 3544 260 3614 lin.
290 3546 356 3632 25,
391 3544 429 3614 ad
464 3543 536 3613 libr.
564 3544 746 3614 seeundum
775 3567 844 3639 oap.
878 3545 891 3612 1
934 3545 989 3616 lin.
1020 3546 1084 3636 38,
1112 3571 1180 3643 cap.
1217 3550 1238 3619 2

115 3674 175 3744 liu.
200 3672 263 3763 15,
290 3696 358 3767 oap.
387 3672 408 3740 4
437 3671 494 3741 lin.
524 3671 590 3761 25,
617 3695 685 3767 cap.
717 3674 738 3740 5
766 3672 822 3744 lin.
856 3671 946 3763 103,
973 3697 1041 3770 cap.
1070 3674 1091 3742 6
1119 3675 1175 3746 lin.
1208 3677 1239 3765 1,

113 3802 173 3872 lin.
208 3799 251 3870 10
279 3810 311 3869 et
341 3799 404 3889 ll,
440 3822 507 3895 cap.
537 3799 557 3867 'l
594 3799 650 3868 lin.
681 3799 744 3888 15,
771 3823 839 3895 oap.
868 3799 890 3869 8
918 3800 974 3870 lin.
1006 3802 1068 3889 14,
1098 3800 1153 3870 lin.
1185 3803 1241 3897 19,

112 3954 186 4025 cap.
209 3925 231 3997 9
259 3927 314 3996 lin.
343 3925 390 3995 28
419 3940 451 3995 et
477 3924 546 4015 29,
574 3926 629 3996 lin.
659 3928 725 4017 54,
751 3951 820 4023 cap.
851 3928 896 3998 10
924 3928 979 3998 lin.
1000 3926 1065 4016 563
1092 3927 1130 3996 ad
1166 3929 1239 4000 libr.

110 4056 253 4128 tertium
281 4054 385 4149 capi
418 4054 473 4124 liu.
511 4055 567 4143 11),
594 4055 653 4125 lin.
687 4055 742 4145 11,
770 4055 824 4125 lin.
856 4055 912 4145 14,
940 4078 1010 4150 cap.
1040 4056 1061 4123 2
1090 4055 1146 4127 lin.
1182 4056 1239 4130 13.

1000 4171 1037 4224 a*
