2896 4876
519 285 806 358 rusomueonurm.⁴
1183 289 1223 342 rx

118 539 120 543 ,
156 487 188 538 to
215 490 236 536 o
263 466 344 536 dore
372 464 489 559 l'ojnto
518 464 572 535 dd
600 463 719 536 Codice
748 463 923 534 Lucebese.
978 463 1116 535 Docette
1141 464 1223 558 perd

158 601 270 663 tacere
304 601 418 687 questo
453 592 617 675 semodio,
657 615 673 661 e
708 601 1033 685 consequentemente
1072 591 1104 661 lo
1140 616 1225 686 pro-

156 720 314 791 veniente
347 718 401 789 oet
430 717 567 803 Codice,
605 717 727 814 percite*
762 717 900 788 allibro
928 719 1223 813 eroproibito;

157 872 175 918 e
201 849 226 918 o
244 845 365 932 Monoi,
394 846 497 917 onebe
516 869 604 939 come
624 845 861 929 eeclesiastico,
889 869 954 915 oon
977 845 1059 916 cord
1087 847 1224 919 creduto
1333 907 1336 910 .

152 975 319 1071 prudente
331 971 522 1068 d'opporire
542 973 660 1043 colono
677 995 780 1061 nome,
800 995 817 1042 e
834 973 926 1068 survi
942 974 1100 1067 opperire
1114 974 1223 1068 qtrello

156 1081 412 1173 dellc'librerio
440 1098 518 1171 d'un
547 1099 697 1194 Capitolo
725 1099 760 1169 di
789 1095 1024 1198 Canonici.“⁴)

207 1228 398 1300 Editionum
418 1252 435 1297 a
454 1225 562 1297 Pereo
582 1225 797 1298 Fanrreumro
817 1238 1000 1298 curatorum
1022 1225 1090 1320 jam
1109 1228 1224 1323 prima,

101 1381 206 1454 quum
248 1355 424 1426 Marsilii
459 1353 595 1424 Fioini
636 1354 817 1424 versionem
860 1353 999 1425 italicam
1040 1355 1073 1425 in
1116 1356 1222 1427 lucem

100 1485 319 1584 protraheret,
339 1482 470 1553 maximi
500 1483 657 1552 momenti
686 1480 868 1552 subsidium
897 1481 937 1552 ad
959 1482 1221 1555 emendationem

102 1612 214 1709 operis
234 1611 337 1681 nostri
355 1610 502 1701 eontulit,
530 1634 569 1680 ex
587 1632 650 1703 quo
669 1608 787 1702 etipsa
806 1609 994 1700 nonnullos,
1022 1634 1088 1681 non
1116 1612 1222 1683 solum

100 1764 173 1830 eoS,
191 1763 272 1835 quos
291 1738 412 1809 indicat
430 1737 594 1832 praelatio,
612 1759 736 1831 pauoos
755 1746 875 1826 tamen,
893 1760 1021 1808 errores
1040 1736 1225 1839 corrodat)

208 1865 362 1956 Alteram,
388 1865 546 1959 impensis
564 1864 696 1935 lossrru
717 1861 848 1955 Momm,
875 1864 930 1934 sed
958 1875 1090 1936 curante
1109 1866 1224 1937 eodem

101 1992 306 2082 Fratieellio,
340 1993 476 2083 laetam,
509 1992 547 2062 ad
582 1990 829 2085 expurgandum
859 1990 1064 2062 lllonarelriae
1096 2001 1219 2064 textum

103 2121 181 2191 novi
209 2120 283 2215 quid
312 2120 485 2209 addidisse,
512 2143 577 2189 non
605 2118 709 2189 video.

208 2247 364 2318 Pervenio
390 2246 429 2317 ad
453 2246 641 2317 Ansxluonr
670 2245 786 2317 Tuaen
814 2245 1002 2336 editionem,
1030 2271 1110 2342 quae
1139 2247 1224 2318 mole

103 2374 281 2445 voluminis
300 2384 332 2445 et
348 2375 470 2445 ambitu
494 2384 665 2470 apparatus
683 2373 760 2444 alias
779 2373 903 2443 excedit
921 2396 1045 2444 omnes.
1091 2372 1226 2465 Eodem,

105 2526 203 2598 quem
239 2501 330 2571 etin
358 2501 428 2571 aliis
463 2501 591 2596 seriptis
627 2501 809 2571 minoribus
837 2500 952 2570 Poetae
980 2501 1082 2571 nostri
1110 2502 1223 2592 tenuit,

76 2629 218 2720 modo,
237 2629 331 2699 etiam
361 2629 393 2698 in
423 2628 547 2699 edenda
566 2627 763 2717 lllouarebia,
794 2627 897 2720 magis
924 2627 1026 2698 aliena
1055 2627 1227 2722 diligenter

105 2757 273 2845 oonlerre,
313 2779 408 2851 quam
448 2757 578 2850 propria
612 2755 758 2850 prolerre
799 2756 924 2826 studuit
950 2754 1098 2826 Turrius.
1152 2754 1225 2826 Non

107 2898 217 2955 tamen
246 2882 538 2978 praetereundum,
573 2883 753 2953 versionem
783 2881 958 2953 Marsilil
987 2880 1139 2972 Fioini,
1173 2884 1224 2954 hie

107 3035 149 3081 ex
167 3010 241 3100 alio,
268 3034 369 3105 eoque
397 3009 531 3080 meliore
559 3009 669 3080 codiee
688 3033 785 3104 quam
805 3032 854 3099 eo,
873 3033 936 3103 quo
956 3034 1033 3080 usus
1052 3022 1101 3080 est
1119 3009 1221 3082 Frati·

109 3139 239 3228 cellius,
267 3137 420 3208 exbiberi,

195 3353 216 3417 ⁴)
234 3353 322 3405 Etiam
333 3352 467 3414 editionis,
477 3366 547 3420 quae
558 3366 588 3406 se
598 3351 774 3405 Glnevrinem
783 3351 858 3418 dicit,
868 3357 972 3416 unctor,
990 3351 1227 3418 reprehensionem

110 3446 171 3501 libri
182 3446 322 3500 Ecclesiae
339 3445 441 3510 infesti,
458 3461 514 3499 ese
532 3445 629 3509 reensi,
648 3449 771 3499 avertere
789 3445 911 3506 studens,
928 3445 967 3498 its
985 3443 1105 3513 loquitur
1124 3443 1228 3498 dallo-

110 3539 233 3593 narehia:
261 3539 403 3606 „Scriptus
425 3539 487 3592 ille“
512 3539 599 3605 (liber)
624 3537 751 3606 „quidem
777 3539 812 3593 ab
830 3539 950 3591 Auctore
972 3536 1024 3590 fuit
1046 3536 1228 3591 contentionis

110 3649 210 3699 amore,
229 3632 376 3700 studioque
393 3632 523 3700 partium,
552 3647 666 3700 quarum
685 3630 804 3685 dissidiis
821 3635 985 3698 tempestate
1003 3630 1048 3683 illa
1065 3644 1151 3696 paene
1169 3633 1228 3682 tota

111 3725 299 3794 conflagrabat
306 3725 394 3790 ltalia,
413 3724 492 3779 nimis
502 3725 617 3792 proinde
632 3725 714 3778 modo
724 3723 814 3778 fervet
823 3725 851 3777 in
862 3722 1036 3791 disputando,
1054 3723 1137 3776 modo
1147 3722 1226 3776 etiam

110 3825 188 3875 aestu
206 3819 325 3888 quodam
343 3819 510 3886 abreptuso
533 3818 649 3872 veritate
670 3818 791 3871 aberrat:
819 3824 847 3870 at
869 3815 940 3870 illius
964 3829 1069 3869 errores
1092 3815 1143 3867 viri
1166 3829 1227 3881 gra·

110 3914 214 3968 vissimi
230 3913 287 3980 jum
306 3911 509 3967 confutarunt.·‘
537 3912 578 3966 ef.
598 3926 668 3980 quse
686 3910 804 3965 diximus
822 3911 848 3964 in
860 3907 987 3964 Annalib.
1000 3907 1227 3975 Dentophilorum

110 4021 231 4074 german.
250 4005 270 4058 1.
289 4009 398 4059 tte-tl.

197 4101 218 4165 ⁵)
235 4099 284 4152 Ex.
304 4114 344 4166 gr.
364 4099 423 4154 Lib.
441 4098 467 4152 11
492 4113 550 4166 cap.
570 4104 584 4152 5
617 4099 663 4152 lin.
685 4103 746 4159 103,
772 4110 830 4161 esp.
850 4100 864 4150 8
889 4096 933 4149 lin.
953 4099 982 4157 8,
1007 4109 1065 4162 cop.
1086 4098 1116 4148 13
1142 4095 1186 4148 lin.
1205 4098 1228 4148 9.

109 4194 168 4249 Lib.
187 4192 228 4246 ΙΙΙ
246 4207 305 4259 esp.
328 4197 356 4246 tt
374 4193 419 4246 liu.
438 4197 461 4245 9.
