<?xml version="1.0" encoding="UTF-8"?>
<!DOCTYPE html PUBLIC "-//W3C//DTD XHTML 1.0 Transitional//EN"
    "http://www.w3.org/TR/xhtml1/DTD/xhtml1-transitional.dtd">
<html xmlns="http://www.w3.org/1999/xhtml" xml:lang="en" lang="en">
 <head>
  <title>
</title>
<meta http-equiv="Content-Type" content="text/html;charset=utf-8" />
  <meta name='ocr-system' content='tesseract 3.04.00' />
  <meta name='ocr-capabilities' content='ocr_page ocr_carea ocr_par ocr_line ocrx_word'/>
</head>
<body>
  <div class='ocr_page' id='page_1' title='image "./dantisalligheri02wittgoog_0120.png"; bbox 0 0 2902 4874; ppageno 0'>
   <div class='ocr_carea' id='block_1_1' title="bbox 285 307 1210 377">
    <p class='ocr_par' dir='ltr' id='par_1_1' title="bbox 285 307 1210 377">
     <span class='ocr_line' id='line_1_1' title="bbox 285 307 1210 377; baseline -0.002 -9"><span class='ocrx_word' id='word_1_1' title='bbox 285 312 419 368; x_wconf 77' lang='lat' dir='ltr'>DANTIS</span> <span class='ocrx_word' id='word_1_2' title='bbox 437 310 656 368; x_wconf 82' lang='lat' dir='ltr'>MONARCHIA</span> <span class='ocrx_word' id='word_1_3' title='bbox 673 313 694 367; x_wconf 92' lang='lat' dir='ltr'><strong>l.</strong></span> <span class='ocrx_word' id='word_1_4' title='bbox 714 310 742 366; x_wconf 82' lang='lat' dir='ltr'><strong>O.</strong></span> <span class='ocrx_word' id='word_1_5' title='bbox 764 317 801 367; x_wconf 81' lang='lat'><strong>¹2.</strong></span> <span class='ocrx_word' id='word_1_6' title='bbox 821 313 883 377; x_wconf 69' lang='lat'><strong>(14),</strong></span> <span class='ocrx_word' id='word_1_7' title='bbox 903 316 933 367; x_wconf 87' lang='grc'><strong>13</strong></span> <span class='ocrx_word' id='word_1_8' title='bbox 952 312 1014 377; x_wconf 86' lang='grc'><strong>(15).</strong></span> <span class='ocrx_word' id='word_1_9' title='bbox 1171 307 1210 368; x_wconf 82' lang='lat'><strong>25</strong></span> 
     </span>
    </p>
   </div>
   <div class='ocr_carea' id='block_1_2' title="bbox 72 483 1382 1272">
    <p class='ocr_par' dir='ltr' id='par_1_2' title="bbox 72 483 1382 1272">
     <span class='ocr_line' id='line_1_2' title="bbox 99 483 1212 572; baseline -0.004 -17"><span class='ocrx_word' id='word_1_10' title='bbox 99 489 185 556; x_wconf 87' lang='lat' dir='ltr'><strong>etlam</strong></span> <span class='ocrx_word' id='word_1_11' title='bbox 207 493 314 572; x_wconf 89' lang='lat' dir='ltr'><strong>patet,</strong></span> <span class='ocrx_word' id='word_1_12' title='bbox 344 486 430 569; x_wconf 86' lang='lat' dir='ltr'><strong>qnod</strong></span> <span class='ocrx_word' id='word_1_13' title='bbox 457 484 603 568; x_wconf 86' lang='lat' dir='ltr'><strong>quamvis</strong></span> <span class='ocrx_word' id='word_1_14' title='bbox 625 483 743 551; x_wconf 82' lang='lat' dir='ltr'><strong>Consul</strong></span> <span class='ocrx_word' id='word_1_15' title='bbox 772 484 839 551; x_wconf 88' lang='lat' dir='ltr'><strong>sive</strong></span> <span class='ocrx_word' id='word_1_16' title='bbox 873 486 943 551; x_wconf 86' lang='lat' dir='ltr'><strong>Rex</strong></span> <span class='ocrx_word' id='word_1_17' title='bbox 971 491 1117 570; x_wconf 89' lang='lat' dir='ltr'><strong>respectu</strong></span> <span class='ocrx_word' id='word_1_18' title='bbox 1139 485 1212 551; x_wconf 87' lang='lat' dir='ltr'><strong>viae</strong></span> 
     </span>
     <span class='ocr_line' id='line_1_3' title="bbox 96 586 1264 672; baseline 0 -18"><span class='ocrx_word' id='word_1_19' title='bbox 96 589 150 655; x_wconf 87' lang='lat' dir='ltr'><strong>sint</strong></span> <span class='ocrx_word' id='word_1_20' title='bbox 172 589 294 656; x_wconf 91' lang='lat' dir='ltr'><strong>domini</strong></span> <span class='ocrx_word' id='word_1_21' title='bbox 310 589 459 672; x_wconf 83' lang='lat' dir='ltr'><strong>aliorum3</strong></span> <span class='ocrx_word' id='word_1_22' title='bbox 481 594 630 672; x_wconf 90' lang='lat' dir='ltr'><strong>respectu</strong></span> <span class='ocrx_word' id='word_1_23' title='bbox 650 592 758 653; x_wconf 88' lang='lat' dir='ltr'><strong>autem</strong></span> <span class='ocrx_word' id='word_1_24' title='bbox 775 586 902 652; x_wconf 77' lang='lat' dir='ltr'><strong>termini</strong></span> <span class='ocrx_word' id='word_1_25' title='bbox 923 587 1058 653; x_wconf 89' lang='lat' dir='ltr'><strong>aliorum</strong></span> <span class='ocrx_word' id='word_1_26' title='bbox 1078 588 1214 654; x_wconf 86' lang='lat' dir='ltr'><strong>ministri</strong></span> <span class='ocrx_word' id='word_1_27' title='bbox 1232 604 1264 654; x_wconf 80' lang='lat'><strong>55</strong></span> 
     </span>
     <span class='ocr_line' id='line_1_4' title="bbox 94 681 1214 776; baseline 0.001 -20"><span class='ocrx_word' id='word_1_28' title='bbox 94 698 175 775; x_wconf 85' lang='lat' dir='ltr'><strong>sunt,</strong></span> <span class='ocrx_word' id='word_1_29' title='bbox 210 697 243 758; x_wconf 91' lang='lat' dir='ltr'><strong>et</strong></span> <span class='ocrx_word' id='word_1_30' title='bbox 276 691 415 757; x_wconf 81' lang='lat' dir='ltr'><strong>maxime</strong></span> <span class='ocrx_word' id='word_1_31' title='bbox 447 681 634 773; x_wconf 88' lang='lat' dir='ltr'><strong>Monarcha,</strong></span> <span class='ocrx_word' id='word_1_32' title='bbox 669 689 724 771; x_wconf 92' lang='lat' dir='ltr'><strong>qui</strong></span> <span class='ocrx_word' id='word_1_33' title='bbox 756 689 898 756; x_wconf 82' lang='lat' dir='ltr'><strong>minister</strong></span> <span class='ocrx_word' id='word_1_34' title='bbox 932 690 1072 756; x_wconf 88' lang='lat' dir='ltr'><strong>omnium</strong></span> <span class='ocrx_word' id='word_1_35' title='bbox 1103 693 1214 776; x_wconf 89' lang='lat' dir='ltr'><strong>procul</strong></span> 
     </span>
     <span class='ocr_line' id='line_1_5' title="bbox 92 791 1216 879; baseline 0.003 -22"><span class='ocrx_word' id='word_1_36' title='bbox 92 792 186 860; x_wconf 90' lang='lat' dir='ltr'><strong>dubio</strong></span> <span class='ocrx_word' id='word_1_37' title='bbox 210 793 379 860; x_wconf 88' lang='lat' dir='ltr'><strong>habendus</strong></span> <span class='ocrx_word' id='word_1_38' title='bbox 401 799 457 858; x_wconf 90' lang='lat' dir='ltr'><strong>est.</strong></span> <span class='ocrx_word' id='word_1_39' title='bbox 493 792 578 858; x_wconf 91' lang='lat' dir='ltr'><strong>Hinc</strong></span> <span class='ocrx_word' id='word_1_40' title='bbox 592 791 688 858; x_wconf 88' lang='lat' dir='ltr'><strong>etiam</strong></span> <span class='ocrx_word' id='word_1_41' title='bbox 702 791 767 856; x_wconf 90' lang='lat' dir='ltr'><strong>iam</strong></span> <span class='ocrx_word' id='word_1_42' title='bbox 780 792 977 860; x_wconf 89' lang='lat' dir='ltr'><strong>innotescere</strong></span> <span class='ocrx_word' id='word_1_43' title='bbox 990 796 1104 879; x_wconf 90' lang='lat' dir='ltr'><strong>potest,</strong></span> <span class='ocrx_word' id='word_1_44' title='bbox 1128 793 1216 876; x_wconf 90' lang='lat' dir='ltr'><strong>quod</strong></span> 
     </span>
     <span class='ocr_line' id='line_1_6' title="bbox 87 892 1213 980; baseline -0.002 -18"><span class='ocrx_word' id='word_1_45' title='bbox 87 894 265 964; x_wconf 86' lang='lat' dir='ltr'><strong>Monareha</strong></span> <span class='ocrx_word' id='word_1_46' title='bbox 285 895 494 962; x_wconf 88' lang='lat' dir='ltr'><strong>necessitatur</strong></span> <span class='ocrx_word' id='word_1_47' title='bbox 515 914 536 959; x_wconf 93' lang='lat' dir='ltr'><strong>a</strong></span> <span class='ocrx_word' id='word_1_48' title='bbox 558 892 620 962; x_wconf 88' lang='lat' dir='ltr'><strong>fine</strong></span> <span class='ocrx_word' id='word_1_49' title='bbox 642 893 704 959; x_wconf 88' lang='lat' dir='ltr'><strong>sibi</strong></span> <span class='ocrx_word' id='word_1_50' title='bbox 729 892 872 977; x_wconf 84' lang='lat' dir='ltr'><strong>praefixo</strong></span> <span class='ocrx_word' id='word_1_51' title='bbox 894 893 927 958; x_wconf 91' lang='lat' dir='ltr'><strong>in</strong></span> <span class='ocrx_word' id='word_1_52' title='bbox 948 894 1073 977; x_wconf 80' lang='lat' dir='ltr'><strong>legibus</strong></span> <span class='ocrx_word' id='word_1_53' title='bbox 1094 916 1213 980; x_wconf 91' lang='lat' dir='ltr'><strong>ponen-</strong></span> 
     </span>
     <span class='ocr_line' id='line_1_7' title="bbox 84 995 1214 1081; baseline 0.002 -19"><span class='ocrx_word' id='word_1_54' title='bbox 84 997 142 1066; x_wconf 80' lang='lat' dir='ltr'><strong>ds.</strong></span> <span class='ocrx_word' id='word_1_55' title='bbox 192 997 281 1080; x_wconf 83' lang='lat' dir='ltr'><strong>Ergo</strong></span> <span class='ocrx_word' id='word_1_56' title='bbox 309 1014 409 1078; x_wconf 84' lang='lat' dir='ltr'><strong>genus</strong></span> <span class='ocrx_word' id='word_1_57' title='bbox 438 997 610 1062; x_wconf 88' lang='lat' dir='ltr'><strong>humanum</strong></span> <span class='ocrx_word' id='word_1_58' title='bbox 632 997 690 1062; x_wconf 88' lang='lat' dir='ltr'><strong>sub</strong></span> <span class='ocrx_word' id='word_1_59' title='bbox 712 996 884 1062; x_wconf 90' lang='lat' dir='ltr'><strong>Monarcha</strong></span> <span class='ocrx_word' id='word_1_60' title='bbox 910 995 1064 1081; x_wconf 82' lang='lat' dir='ltr'><strong>existens,</strong></span> <span class='ocrx_word' id='word_1_61' title='bbox 1093 997 1214 1080; x_wconf 91' lang='lat' dir='ltr'><strong>optime</strong></span> 
     </span>
     <span class='ocr_line' id='line_1_8' title="bbox 76 1095 1382 1181; baseline -0.001 -18"><span class='ocrx_word' id='word_1_62' title='bbox 76 1100 249 1168; x_wconf 89' lang='lat' dir='ltr'><strong>sehabet:</strong></span> <span class='ocrx_word' id='word_1_63' title='bbox 266 1118 307 1164; x_wconf 85' lang='lat' dir='ltr'><strong>ex</strong></span> <span class='ocrx_word' id='word_1_64' title='bbox 319 1099 543 1181; x_wconf 87' lang='lat' dir='ltr'><strong>quosequitur,</strong></span> <span class='ocrx_word' id='word_1_65' title='bbox 556 1096 696 1180; x_wconf 89' lang='lat' dir='ltr'><strong>quodad</strong></span> <span class='ocrx_word' id='word_1_66' title='bbox 708 1097 1214 1165; x_wconf 89' lang='lat' dir='ltr'><strong>beneessemundiMonarchiam</strong></span> <span class='ocrx_word' id='word_1_67' title='bbox 1232 1095 1266 1146; x_wconf 76' lang='lat'><strong>⁶⁰</strong></span> <span class='ocrx_word' id='word_1_68' title='bbox 1379 1155 1382 1162; x_wconf 88' lang='lat'><strong>.</strong></span> 
     </span>
     <span class='ocr_line' id='line_1_9' title="bbox 72 1204 1090 1272; baseline -0.001 -6"><span class='ocrx_word' id='word_1_69' title='bbox 72 1221 224 1272; x_wconf 88' lang='lat' dir='ltr'><strong>neccsse</strong></span> <span class='ocrx_word' id='word_1_70' title='bbox 248 1205 297 1267; x_wconf 90' lang='lat' dir='ltr'><strong>est</strong></span> <span class='ocrx_word' id='word_1_71' title='bbox 320 1219 399 1268; x_wconf 89' lang='lat' dir='ltr'><strong>esse.</strong></span> <span class='ocrx_word' id='word_1_72' title='bbox 1088 1204 1090 1209; x_wconf 78' lang='grc'>’</span> 
     </span>
    </p>
   </div>
   <div class='ocr_carea' id='block_1_3' title="bbox 477 1350 825 1437">
    <p class='ocr_par' dir='ltr' id='par_1_3' title="bbox 477 1350 825 1437">
     <span class='ocr_line' id='line_1_10' title="bbox 477 1350 825 1437; baseline -0.006 0"><span class='ocrx_word' id='word_1_73' title='bbox 477 1355 603 1437; x_wconf 70' lang='lat' dir='ltr'><strong>[capon</strong></span> <span class='ocrx_word' id='word_1_74' title='bbox 624 1371 698 1419; x_wconf 56' lang='lat' dir='ltr'>X1111</span> <span class='ocrx_word' id='word_1_75' title='bbox 723 1350 825 1437; x_wconf 83' lang='lat' dir='ltr'><strong>(xv.)]</strong></span> 
     </span>
    </p>
   </div>
   <div class='ocr_carea' id='block_1_4' title="bbox 31 1488 1266 3110">
    <p class='ocr_par' dir='ltr' id='par_1_4' title="bbox 31 1488 1266 3110">
     <span class='ocr_line' id='line_1_11' title="bbox 173 1488 1214 1576; baseline 0 -19"><span class='ocrx_word' id='word_1_76' title='bbox 173 1491 301 1574; x_wconf 88' lang='lat' dir='ltr'><strong>Adhuc,</strong></span> <span class='ocrx_word' id='word_1_77' title='bbox 317 1491 374 1557; x_wconf 91' lang='lat' dir='ltr'><strong>ille</strong></span> <span class='ocrx_word' id='word_1_78' title='bbox 390 1491 444 1573; x_wconf 87' lang='lat' dir='ltr'><strong>qui</strong></span> <span class='ocrx_word' id='word_1_79' title='bbox 458 1495 564 1576; x_wconf 87' lang='lat' dir='ltr'><strong>potest</strong></span> <span class='ocrx_word' id='word_1_80' title='bbox 578 1509 649 1556; x_wconf 88' lang='lat' dir='ltr'><strong>esse</strong></span> <span class='ocrx_word' id='word_1_81' title='bbox 664 1488 783 1574; x_wconf 91' lang='lat' dir='ltr'><strong>optime</strong></span> <span class='ocrx_word' id='word_1_82' title='bbox 795 1489 967 1575; x_wconf 82' lang='lat' dir='ltr'><strong>dIspositus</strong></span> <span class='ocrx_word' id='word_1_83' title='bbox 979 1491 1021 1555; x_wconf 91' lang='lat' dir='ltr'><strong>ad</strong></span> <span class='ocrx_word' id='word_1_84' title='bbox 1033 1490 1214 1575; x_wconf 80' lang='lat' dir='ltr'><strong>regendum,</strong></span> 
     </span>
     <span class='ocr_line' id='line_1_12' title="bbox 61 1593 1214 1680; baseline -0.001 -20"><span class='ocrx_word' id='word_1_85' title='bbox 61 1596 213 1680; x_wconf 88' lang='lat' dir='ltr'><strong>optime</strong></span> <span class='ocrx_word' id='word_1_86' title='bbox 243 1593 326 1659; x_wconf 86' lang='lat' dir='ltr'><strong>alios</strong></span> <span class='ocrx_word' id='word_1_87' title='bbox 354 1593 524 1676; x_wconf 86' lang='lat' dir='ltr'><strong>disponere</strong></span> <span class='ocrx_word' id='word_1_88' title='bbox 552 1599 666 1677; x_wconf 90' lang='lat' dir='ltr'><strong>potest.</strong></span> <span class='ocrx_word' id='word_1_89' title='bbox 710 1593 795 1658; x_wconf 88' lang='lat' dir='ltr'><strong>Nam</strong></span> <span class='ocrx_word' id='word_1_90' title='bbox 816 1593 850 1657; x_wconf 93' lang='lat' dir='ltr'><strong>in</strong></span> <span class='ocrx_word' id='word_1_91' title='bbox 872 1594 956 1660; x_wconf 92' lang='lat' dir='ltr'><strong>omni</strong></span> <span class='ocrx_word' id='word_1_92' title='bbox 985 1594 1108 1661; x_wconf 89' lang='lat' dir='ltr'><strong>actione</strong></span> <span class='ocrx_word' id='word_1_93' title='bbox 1130 1595 1214 1679; x_wconf 93' lang='lat' dir='ltr'><strong>prin-</strong></span> 
     </span>
     <span class='ocr_line' id='line_1_13' title="bbox 59 1695 1215 1784; baseline 0.001 -24"><span class='ocrx_word' id='word_1_94' title='bbox 59 1697 241 1784; x_wconf 75' lang='lat' dir='ltr'><strong>cipaliter</strong></span> <span class='ocrx_word' id='word_1_95' title='bbox 261 1695 435 1762; x_wconf 83' lang='lat' dir='ltr'><strong>intenditur</strong></span> <span class='ocrx_word' id='word_1_96' title='bbox 456 1696 499 1760; x_wconf 90' lang='lat' dir='ltr'><strong>ab</strong></span> <span class='ocrx_word' id='word_1_97' title='bbox 520 1701 650 1779; x_wconf 85' lang='lat' dir='ltr'><strong>agente,</strong></span> <span class='ocrx_word' id='word_1_98' title='bbox 673 1695 742 1763; x_wconf 88' lang='lat' dir='ltr'><strong>sive</strong></span> <span class='ocrx_word' id='word_1_99' title='bbox 764 1696 954 1763; x_wconf 83' lang='lat' dir='ltr'><strong>necessitate</strong></span> <span class='ocrx_word' id='word_1_100' title='bbox 975 1700 1124 1780; x_wconf 90' lang='lat' dir='ltr'><strong>naturae,</strong></span> <span class='ocrx_word' id='word_1_101' title='bbox 1147 1697 1215 1761; x_wconf 90' lang='lat' dir='ltr'><strong>sive</strong></span> 
     </span>
     <span class='ocr_line' id='line_1_14' title="bbox 56 1796 1215 1883; baseline 0 -20"><span class='ocrx_word' id='word_1_102' title='bbox 56 1799 273 1868; x_wconf 82' lang='lat' dir='ltr'><strong>voluntarie</strong></span> <span class='ocrx_word' id='word_1_103' title='bbox 295 1801 386 1881; x_wconf 82' lang='lat' dir='ltr'><strong>agat,</strong></span> <span class='ocrx_word' id='word_1_104' title='bbox 415 1797 577 1881; x_wconf 86' lang='lat' dir='ltr'><strong>propriam</strong></span> <span class='ocrx_word' id='word_1_105' title='bbox 598 1796 838 1864; x_wconf 92' lang='lat' dir='ltr'><strong>similitudinem</strong></span> <span class='ocrx_word' id='word_1_106' title='bbox 859 1797 1036 1881; x_wconf 88' lang='lat' dir='ltr'><strong>explicare,</strong></span> <span class='ocrx_word' id='word_1_107' title='bbox 1064 1797 1149 1864; x_wconf 90' lang='lat' dir='ltr'><strong>unde</strong></span> <span class='ocrx_word' id='word_1_108' title='bbox 1170 1798 1215 1883; x_wconf 91' lang='lat' dir='ltr'><strong>fit,</strong></span> 
     </span>
     <span class='ocr_line' id='line_1_15' title="bbox 59 1894 1248 1984; baseline -0.001 -18"><span class='ocrx_word' id='word_1_109' title='bbox 59 1900 179 1984; x_wconf 91' lang='lat' dir='ltr'><strong>quod</strong></span> <span class='ocrx_word' id='word_1_110' title='bbox 203 1920 297 1966; x_wconf 92' lang='lat' dir='ltr'><strong>omne</strong></span> <span class='ocrx_word' id='word_1_111' title='bbox 320 1917 435 1984; x_wconf 75' lang='lat' dir='ltr'><strong>agens,</strong></span> <span class='ocrx_word' id='word_1_112' title='bbox 457 1899 491 1963; x_wconf 93' lang='lat' dir='ltr'><strong>in</strong></span> <span class='ocrx_word' id='word_1_113' title='bbox 514 1894 665 1980; x_wconf 82' lang='lat' dir='ltr'><strong>quantum</strong></span> <span class='ocrx_word' id='word_1_114' title='bbox 687 1898 882 1984; x_wconf 89' lang='lat' dir='ltr'><strong>huiusmodi,</strong></span> <span class='ocrx_word' id='word_1_115' title='bbox 912 1896 1102 1984; x_wconf 89' lang='lat' dir='ltr'><strong>delectatur;</strong></span> <span class='ocrx_word' id='word_1_116' title='bbox 1131 1900 1248 1984; x_wconf 81' lang='lat' dir='ltr'><strong>quia,⁵</strong></span> 
     </span>
     <span class='ocr_line' id='line_1_16' title="bbox 59 2001 1217 2089; baseline -0.001 -19"><span class='ocrx_word' id='word_1_117' title='bbox 59 2023 189 2089; x_wconf 90' lang='lat' dir='ltr'><strong>quum</strong></span> <span class='ocrx_word' id='word_1_118' title='bbox 214 2023 307 2069; x_wconf 91' lang='lat' dir='ltr'><strong>omne</strong></span> <span class='ocrx_word' id='word_1_119' title='bbox 326 2001 412 2082; x_wconf 89' lang='lat' dir='ltr'><strong>quod</strong></span> <span class='ocrx_word' id='word_1_120' title='bbox 427 2007 475 2068; x_wconf 87' lang='lat' dir='ltr'><strong>est</strong></span> <span class='ocrx_word' id='word_1_121' title='bbox 496 2007 629 2087; x_wconf 87' lang='lat' dir='ltr'><strong>appetat</strong></span> <span class='ocrx_word' id='word_1_122' title='bbox 644 2020 734 2066; x_wconf 85' lang='lat' dir='ltr'><strong>suum</strong></span> <span class='ocrx_word' id='word_1_123' title='bbox 749 2021 830 2086; x_wconf 87' lang='lat' dir='ltr'><strong>esse,</strong></span> <span class='ocrx_word' id='word_1_124' title='bbox 852 2002 938 2068; x_wconf 88' lang='lat' dir='ltr'><strong>acin</strong></span> <span class='ocrx_word' id='word_1_125' title='bbox 953 2002 1077 2085; x_wconf 83' lang='lat' dir='ltr'><strong>agendo</strong></span> <span class='ocrx_word' id='word_1_126' title='bbox 1092 2003 1217 2084; x_wconf 84' lang='lat' dir='ltr'><strong>agentis</strong></span> 
     </span>
     <span class='ocr_line' id='line_1_17' title="bbox 60 2103 1215 2188; baseline -0.002 -14"><span class='ocrx_word' id='word_1_127' title='bbox 60 2126 162 2174; x_wconf 81' lang='lat' dir='ltr'><strong>esse</strong></span> <span class='ocrx_word' id='word_1_128' title='bbox 176 2103 415 2187; x_wconf 89' lang='lat' dir='ltr'><strong>quodammodo</strong></span> <span class='ocrx_word' id='word_1_129' title='bbox 428 2104 606 2188; x_wconf 86' lang='lat' dir='ltr'><strong>amplietur,</strong></span> <span class='ocrx_word' id='word_1_130' title='bbox 621 2104 766 2187; x_wconf 90' lang='lat' dir='ltr'><strong>sequitur</strong></span> <span class='ocrx_word' id='word_1_131' title='bbox 780 2104 820 2172; x_wconf 90' lang='lat' dir='ltr'><strong>de</strong></span> <span class='ocrx_word' id='word_1_132' title='bbox 831 2105 1022 2173; x_wconf 82' lang='lat' dir='ltr'><strong>necessitate</strong></span> <span class='ocrx_word' id='word_1_133' title='bbox 1035 2104 1215 2188; x_wconf 86' lang='lat' dir='ltr'><strong>delectatio,</strong></span> 
     </span>
     <span class='ocr_line' id='line_1_18' title="bbox 60 2205 1216 2294; baseline -0.003 -19"><span class='ocrx_word' id='word_1_134' title='bbox 60 2210 169 2294; x_wconf 87' lang='lat' dir='ltr'><strong>quia</strong></span> <span class='ocrx_word' id='word_1_135' title='bbox 199 2206 372 2274; x_wconf 81' lang='lat' dir='ltr'><strong>delectatio</strong></span> <span class='ocrx_word' id='word_1_136' title='bbox 400 2206 447 2272; x_wconf 91' lang='lat' dir='ltr'><strong>rei</strong></span> <span class='ocrx_word' id='word_1_137' title='bbox 475 2205 675 2274; x_wconf 89' lang='lat' dir='ltr'><strong>desideratae</strong></span> <span class='ocrx_word' id='word_1_138' title='bbox 707 2227 832 2292; x_wconf 89' lang='lat' dir='ltr'><strong>semper</strong></span> <span class='ocrx_word' id='word_1_139' title='bbox 864 2206 991 2273; x_wconf 82' lang='lat' dir='ltr'><strong>adnexa</strong></span> <span class='ocrx_word' id='word_1_140' title='bbox 1019 2215 1076 2274; x_wconf 90' lang='lat' dir='ltr'><strong>est.</strong></span> <span class='ocrx_word' id='word_1_141' title='bbox 1125 2207 1216 2273; x_wconf 92' lang='lat' dir='ltr'><strong>Nihil</strong></span> 
     </span>
     <span class='ocr_line' id='line_1_19' title="bbox 58 2308 1216 2395; baseline -0.002 -19"><span class='ocrx_word' id='word_1_142' title='bbox 58 2311 190 2395; x_wconf 82' lang='lat' dir='ltr'><strong>igitur</strong></span> <span class='ocrx_word' id='word_1_143' title='bbox 205 2308 283 2391; x_wconf 81' lang='lat' dir='ltr'><strong>agit,</strong></span> <span class='ocrx_word' id='word_1_144' title='bbox 299 2308 361 2373; x_wconf 89' lang='lat' dir='ltr'><strong>nisi</strong></span> <span class='ocrx_word' id='word_1_145' title='bbox 376 2309 442 2374; x_wconf 91' lang='lat' dir='ltr'><strong>tale</strong></span> <span class='ocrx_word' id='word_1_146' title='bbox 457 2308 606 2392; x_wconf 86' lang='lat' dir='ltr'><strong>existens,</strong></span> <span class='ocrx_word' id='word_1_147' title='bbox 623 2311 717 2391; x_wconf 89' lang='lat' dir='ltr'><strong>quale</strong></span> <span class='ocrx_word' id='word_1_148' title='bbox 731 2309 857 2393; x_wconf 88' lang='lat' dir='ltr'><strong>patiens</strong></span> <span class='ocrx_word' id='word_1_149' title='bbox 870 2308 939 2376; x_wconf 90' lang='lat' dir='ltr'><strong>fieri</strong></span> <span class='ocrx_word' id='word_1_150' title='bbox 956 2309 1067 2395; x_wconf 74' lang='lat' dir='ltr'><strong>debet,</strong></span> <span class='ocrx_word' id='word_1_151' title='bbox 1086 2314 1216 2394; x_wconf 89' lang='lat' dir='ltr'><strong>propter</strong></span> 
     </span>
     <span class='ocr_line' id='line_1_20' title="bbox 62 2407 1266 2497; baseline -0.005 -18"><span class='ocrx_word' id='word_1_152' title='bbox 62 2410 180 2497; x_wconf 84' lang='lat' dir='ltr'><strong>quod</strong></span> <span class='ocrx_word' id='word_1_153' title='bbox 203 2410 427 2493; x_wconf 89' lang='lat' dir='ltr'><strong>Philosophus,</strong></span> <span class='ocrx_word' id='word_1_154' title='bbox 450 2409 483 2473; x_wconf 92' lang='lat' dir='ltr'><strong>in</strong></span> <span class='ocrx_word' id='word_1_155' title='bbox 504 2409 553 2493; x_wconf 93' lang='lat' dir='ltr'><strong>iis,</strong></span> <span class='ocrx_word' id='word_1_156' title='bbox 577 2429 659 2492; x_wconf 88' lang='lat' dir='ltr'><strong>quae</strong></span> <span class='ocrx_word' id='word_1_157' title='bbox 682 2411 721 2478; x_wconf 92' lang='lat' dir='ltr'><strong>de</strong></span> <span class='ocrx_word' id='word_1_158' title='bbox 743 2411 930 2494; x_wconf 91' lang='lat' dir='ltr'><strong>simpliciter</strong></span> <span class='ocrx_word' id='word_1_159' title='bbox 944 2411 1040 2478; x_wconf 83' lang='lat' dir='ltr'><strong>Ente:</strong></span> <span class='ocrx_word' id='word_1_160' title='bbox 1063 2407 1214 2494; x_wconf 87' lang='lat' dir='ltr'><strong>„Omne“,</strong></span> <span class='ocrx_word' id='word_1_161' title='bbox 1235 2408 1266 2456; x_wconf 82' lang='lat'><strong>¹⁰</strong></span> 
     </span>
     <span class='ocr_line' id='line_1_21' title="bbox 62 2509 1218 2598; baseline -0.005 -16"><span class='ocrx_word' id='word_1_162' title='bbox 62 2513 214 2597; x_wconf 85' lang='lat' dir='ltr'><strong>inquit,</strong></span> <span class='ocrx_word' id='word_1_163' title='bbox 242 2509 350 2594; x_wconf 91' lang='lat' dir='ltr'><strong>„quod</strong></span> <span class='ocrx_word' id='word_1_164' title='bbox 369 2510 532 2576; x_wconf 88' lang='lat' dir='ltr'><strong>reducitur</strong></span> <span class='ocrx_word' id='word_1_165' title='bbox 554 2510 594 2577; x_wconf 92' lang='lat' dir='ltr'><strong>de</strong></span> <span class='ocrx_word' id='word_1_166' title='bbox 616 2512 759 2598; x_wconf 89' lang='lat' dir='ltr'><strong>potentia</strong></span> <span class='ocrx_word' id='word_1_167' title='bbox 780 2512 814 2576; x_wconf 94' lang='lat' dir='ltr'><strong>in</strong></span> <span class='ocrx_word' id='word_1_168' title='bbox 835 2518 956 2596; x_wconf 90' lang='lat' dir='ltr'><strong>actum,</strong></span> <span class='ocrx_word' id='word_1_169' title='bbox 980 2513 1139 2581; x_wconf 88' lang='lat' dir='ltr'><strong>reducitur</strong></span> <span class='ocrx_word' id='word_1_170' title='bbox 1160 2531 1218 2595; x_wconf 90' lang='lat' dir='ltr'><strong>per</strong></span> 
     </span>
     <span class='ocr_line' id='line_1_22' title="bbox 66 2611 1216 2697; baseline -0.004 -14"><span class='ocrx_word' id='word_1_171' title='bbox 66 2619 159 2683; x_wconf 83' lang='lat' dir='ltr'><strong>tale</strong></span> <span class='ocrx_word' id='word_1_172' title='bbox 183 2614 325 2681; x_wconf 88' lang='lat' dir='ltr'><strong>existens</strong></span> <span class='ocrx_word' id='word_1_173' title='bbox 346 2613 379 2677; x_wconf 92' lang='lat' dir='ltr'><strong>in</strong></span> <span class='ocrx_word' id='word_1_174' title='bbox 402 2611 510 2696; x_wconf 82' lang='lat' dir='ltr'><strong>actu“;</strong></span> <span class='ocrx_word' id='word_1_175' title='bbox 541 2615 626 2695; x_wconf 92' lang='lat' dir='ltr'><strong>quod</strong></span> <span class='ocrx_word' id='word_1_176' title='bbox 654 2615 794 2681; x_wconf 87' lang='lat' dir='ltr'><strong>sialiter</strong></span> <span class='ocrx_word' id='word_1_177' title='bbox 815 2614 939 2696; x_wconf 88' lang='lat' dir='ltr'><strong>aliquid</strong></span> <span class='ocrx_word' id='word_1_178' title='bbox 960 2633 1056 2697; x_wconf 81' lang='lat' dir='ltr'><strong>agere</strong></span> <span class='ocrx_word' id='word_1_179' title='bbox 1079 2619 1216 2697; x_wconf 89' lang='lat' dir='ltr'><strong>conetur,</strong></span> 
     </span>
     <span class='ocr_line' id='line_1_23' title="bbox 67 2714 1218 2801; baseline -0.005 -16"><span class='ocrx_word' id='word_1_180' title='bbox 67 2720 212 2785; x_wconf 83' lang='lat' dir='ltr'><strong>frustra</strong></span> <span class='ocrx_word' id='word_1_181' title='bbox 241 2719 379 2781; x_wconf 91' lang='lat' dir='ltr'><strong>conatur.</strong></span> <span class='ocrx_word' id='word_1_182' title='bbox 424 2714 466 2778; x_wconf 86' lang='lat' dir='ltr'><strong>Et</strong></span> <span class='ocrx_word' id='word_1_183' title='bbox 493 2714 567 2781; x_wconf 91' lang='lat' dir='ltr'><strong>hinc</strong></span> <span class='ocrx_word' id='word_1_184' title='bbox 596 2715 715 2784; x_wconf 89' lang='lat' dir='ltr'><strong>destrui</strong></span> <span class='ocrx_word' id='word_1_185' title='bbox 743 2722 849 2801; x_wconf 87' lang='lat' dir='ltr'><strong>potest</strong></span> <span class='ocrx_word' id='word_1_186' title='bbox 877 2736 963 2782; x_wconf 88' lang='lat' dir='ltr'><strong>error</strong></span> <span class='ocrx_word' id='word_1_187' title='bbox 990 2716 1133 2798; x_wconf 91' lang='lat' dir='ltr'><strong>illorum,</strong></span> <span class='ocrx_word' id='word_1_188' title='bbox 1163 2715 1218 2797; x_wconf 91' lang='lat' dir='ltr'><strong>qui</strong></span> 
     </span>
     <span class='ocr_line' id='line_1_24' title="bbox 71 2815 1217 2903; baseline -0.004 -16"><span class='ocrx_word' id='word_1_189' title='bbox 71 2820 180 2887; x_wconf 82' lang='lat' dir='ltr'><strong>bona</strong></span> <span class='ocrx_word' id='word_1_190' title='bbox 195 2815 365 2899; x_wconf 89' lang='lat' dir='ltr'><strong>loquendo,</strong></span> <span class='ocrx_word' id='word_1_191' title='bbox 381 2822 414 2882; x_wconf 93' lang='lat' dir='ltr'><strong>et</strong></span> <span class='ocrx_word' id='word_1_192' title='bbox 428 2817 514 2882; x_wconf 88' lang='lat' dir='ltr'><strong>mala</strong></span> <span class='ocrx_word' id='word_1_193' title='bbox 525 2819 696 2903; x_wconf 88' lang='lat' dir='ltr'><strong>operando,</strong></span> <span class='ocrx_word' id='word_1_194' title='bbox 713 2819 844 2884; x_wconf 92' lang='lat' dir='ltr'><strong>credunt</strong></span> <span class='ocrx_word' id='word_1_195' title='bbox 859 2818 940 2884; x_wconf 88' lang='lat' dir='ltr'><strong>alios</strong></span> <span class='ocrx_word' id='word_1_196' title='bbox 951 2817 1019 2883; x_wconf 80' lang='lat' dir='ltr'><strong>vita</strong></span> <span class='ocrx_word' id='word_1_197' title='bbox 1030 2824 1062 2883; x_wconf 91' lang='lat' dir='ltr'><strong>et</strong></span> <span class='ocrx_word' id='word_1_198' title='bbox 1076 2816 1217 2883; x_wconf 87' lang='lat' dir='ltr'><strong>moribus</strong></span> 
     </span>
     <span class='ocr_line' id='line_1_25' title="bbox 65 2917 1266 3004; baseline -0.002 -18"><span class='ocrx_word' id='word_1_199' title='bbox 65 2919 279 3001; x_wconf 79' lang='lat' dir='ltr'><strong>informare3</strong></span> <span class='ocrx_word' id='word_1_200' title='bbox 308 2939 372 2985; x_wconf 91' lang='lat' dir='ltr'><strong>non</strong></span> <span class='ocrx_word' id='word_1_201' title='bbox 400 2917 618 3003; x_wconf 84' lang='lat' dir='ltr'><strong>advertentes,</strong></span> <span class='ocrx_word' id='word_1_202' title='bbox 648 2920 734 3002; x_wconf 91' lang='lat' dir='ltr'><strong>quod</strong></span> <span class='ocrx_word' id='word_1_203' title='bbox 754 2921 827 3003; x_wconf 89' lang='lat' dir='ltr'><strong>plus</strong></span> <span class='ocrx_word' id='word_1_204' title='bbox 852 2924 1078 3004; x_wconf 88' lang='lat' dir='ltr'><strong>persuaserunt</strong></span> <span class='ocrx_word' id='word_1_205' title='bbox 1105 2938 1217 2984; x_wconf 90' lang='lat' dir='ltr'><strong>manus</strong></span> <span class='ocrx_word' id='word_1_206' title='bbox 1236 2917 1266 2967; x_wconf 86' lang='lat'><strong>15</strong></span> 
     </span>
     <span class='ocr_line' id='line_1_26' title="bbox 31 3019 1217 3110; baseline -0.002 -21"><span class='ocrx_word' id='word_1_207' title='bbox 31 3044 36 3046; x_wconf 88' lang='grc'><em>·</em></span> <span class='ocrx_word' id='word_1_208' title='bbox 73 3022 206 3106; x_wconf 75' lang='lat' dir='ltr'><strong>Jacob,</strong></span> <span class='ocrx_word' id='word_1_209' title='bbox 224 3039 319 3103; x_wconf 89' lang='lat' dir='ltr'><strong>quam</strong></span> <span class='ocrx_word' id='word_1_210' title='bbox 333 3020 442 3104; x_wconf 81' lang='lat' dir='ltr'><strong>verba,</strong></span> <span class='ocrx_word' id='word_1_211' title='bbox 458 3019 534 3088; x_wconf 93' lang='lat' dir='ltr'><strong>licet</strong></span> <span class='ocrx_word' id='word_1_212' title='bbox 547 3021 625 3088; x_wconf 91' lang='lat' dir='ltr'><strong>illae</strong></span> <span class='ocrx_word' id='word_1_213' title='bbox 639 3022 764 3106; x_wconf 87' lang='lat' dir='ltr'><strong>falsum,</strong></span> <span class='ocrx_word' id='word_1_214' title='bbox 782 3022 840 3087; x_wconf 89' lang='lat' dir='ltr'><strong>illa</strong></span> <span class='ocrx_word' id='word_1_215' title='bbox 855 3042 965 3089; x_wconf 89' lang='lat' dir='ltr'><strong>verum</strong></span> <span class='ocrx_word' id='word_1_216' title='bbox 980 3020 1217 3110; x_wconf 80' lang='lat' dir='ltr'><strong>persuaderent.</strong></span> 
     </span>
    </p>
   </div>
   <div class='ocr_carea' id='block_1_5' title="bbox 94 3202 1323 3954">
    <p class='ocr_par' dir='ltr' id='par_1_5' title="bbox 94 3202 1323 3954">
     <span class='ocr_line' id='line_1_27' title="bbox 119 3202 1323 3279; baseline -0.001 -19"><span class='ocrx_word' id='word_1_217' title='bbox 119 3208 143 3241; x_wconf 78' lang='lat'><strong>⁵⁶</strong></span> <span class='ocrx_word' id='word_1_218' title='bbox 160 3207 193 3260; x_wconf 89' lang='lat' dir='ltr'><strong>H.</strong></span> <span class='ocrx_word' id='word_1_219' title='bbox 213 3210 239 3260; x_wconf 83' lang='lat' dir='ltr'><strong>ct</strong></span> <span class='ocrx_word' id='word_1_220' title='bbox 255 3202 416 3272; x_wconf 78' lang='lat' dir='ltr'><strong>Monarehe,</strong></span> <span class='ocrx_word' id='word_1_221' title='bbox 435 3206 484 3275; x_wconf 75' lang='lat' dir='ltr'><strong>qai</strong></span> <span class='ocrx_word' id='word_1_222' title='bbox 711 3209 732 3240; x_wconf 83' lang='lat'><strong>¹¹</strong></span> <span class='ocrx_word' id='word_1_223' title='bbox 749 3206 782 3260; x_wconf 87' lang='lat' dir='ltr'><strong>F.</strong></span> <span class='ocrx_word' id='word_1_224' title='bbox 800 3207 834 3262; x_wconf 84' lang='lat' dir='ltr'><strong>de</strong></span> <span class='ocrx_word' id='word_1_225' title='bbox 846 3207 972 3279; x_wconf 80' lang='lat' dir='ltr'><strong>potentia</strong></span> <span class='ocrx_word' id='word_1_226' title='bbox 990 3206 1028 3261; x_wconf 84' lang='lat' dir='ltr'><strong>ad</strong></span> <span class='ocrx_word' id='word_1_227' title='bbox 1043 3211 1132 3263; x_wconf 83' lang='lat' dir='ltr'><strong>aetum</strong></span> <span class='ocrx_word' id='word_1_228' title='bbox 1320 3275 1323 3277; x_wconf 11' lang='grc' dir='ltr'><strong>Δ</strong></span> 
     </span>
     <span class='ocr_line' id='line_1_28' title="bbox 123 3289 1217 3348; baseline 0 -4"><span class='ocrx_word' id='word_1_229' title='bbox 123 3293 146 3325; x_wconf 81' lang='lat'><strong>⁵⁷</strong></span> <span class='ocrx_word' id='word_1_230' title='bbox 164 3291 197 3344; x_wconf 83' lang='lat' dir='ltr'><strong>A.</strong></span> <span class='ocrx_word' id='word_1_231' title='bbox 214 3289 277 3345; x_wconf 74' lang='lat' dir='ltr'><strong>laiac</strong></span> <span class='ocrx_word' id='word_1_232' title='bbox 301 3289 382 3343; x_wconf 83' lang='lat' dir='ltr'><strong>etiam</strong></span> <span class='ocrx_word' id='word_1_233' title='bbox 408 3290 492 3344; x_wconf 80' lang='lat' dir='ltr'><strong>iuuet.</strong></span> <span class='ocrx_word' id='word_1_234' title='bbox 509 3319 543 3330; x_wconf 88' lang='lat'>—</span> <span class='ocrx_word' id='word_1_235' title='bbox 561 3290 632 3348; x_wconf 86' lang='lat' dir='ltr'><strong>Edd.</strong></span> <span class='ocrx_word' id='word_1_236' title='bbox 711 3293 733 3324; x_wconf 87' lang='lat'><strong>¹²</strong></span> <span class='ocrx_word' id='word_1_237' title='bbox 749 3292 783 3346; x_wconf 91' lang='grc' dir='ltr'><strong>Η.</strong></span> <span class='ocrx_word' id='word_1_238' title='bbox 801 3292 834 3346; x_wconf 88' lang='lat' dir='ltr'><strong>L.</strong></span> <span class='ocrx_word' id='word_1_239' title='bbox 852 3292 891 3346; x_wconf 89' lang='lat' dir='ltr'><strong>M.</strong></span> <span class='ocrx_word' id='word_1_240' title='bbox 910 3291 942 3348; x_wconf 89' lang='lat' dir='ltr'><strong>V.</strong></span> <span class='ocrx_word' id='word_1_241' title='bbox 962 3292 1083 3347; x_wconf 76' lang='lat' dir='ltr'><strong>existens</strong></span> <span class='ocrx_word' id='word_1_242' title='bbox 1102 3295 1165 3346; x_wconf 83' lang='lat' dir='ltr'><strong>actu</strong></span> <span class='ocrx_word' id='word_1_243' title='bbox 1186 3320 1217 3331; x_wconf 96' lang='lat'>-</span> 
     </span>
     <span class='ocr_line' id='line_1_29' title="bbox 165 3374 1193 3446; baseline -0.001 -17"><span class='ocrx_word' id='word_1_244' title='bbox 165 3374 240 3430; x_wconf 80' lang='lat' dir='ltr'><strong>Hice</strong></span> <span class='ocrx_word' id='word_1_245' title='bbox 257 3375 311 3429; x_wconf 79' lang='lat' dir='ltr'><strong>iam</strong></span> <span class='ocrx_word' id='word_1_246' title='bbox 330 3374 496 3430; x_wconf 74' lang='lat' dir='ltr'><strong>Innotescere</strong></span> <span class='ocrx_word' id='word_1_247' title='bbox 750 3378 779 3431; x_wconf 81' lang='lat' dir='ltr'><strong>in</strong></span> <span class='ocrx_word' id='word_1_248' title='bbox 796 3376 965 3446; x_wconf 87' lang='lat' dir='ltr'><strong>reposuimus</strong></span> <span class='ocrx_word' id='word_1_249' title='bbox 983 3393 1044 3431; x_wconf 88' lang='lat' dir='ltr'><strong>cum</strong></span> <span class='ocrx_word' id='word_1_250' title='bbox 1061 3377 1094 3430; x_wconf 85' lang='grc' dir='ltr'><strong>Α.</strong></span> <span class='ocrx_word' id='word_1_251' title='bbox 1113 3375 1145 3429; x_wconf 88' lang='lat' dir='ltr'><strong>F.</strong></span> <span class='ocrx_word' id='word_1_252' title='bbox 1162 3375 1193 3429; x_wconf 90' lang='lat' dir='ltr'><strong>P.</strong></span> 
     </span>
     <span class='ocr_line' id='line_1_30' title="bbox 124 3458 1217 3533; baseline -0.001 -19"><span class='ocrx_word' id='word_1_253' title='bbox 124 3461 146 3494; x_wconf 70' lang='lat'><strong>⁶⁸</strong></span> <span class='ocrx_word' id='word_1_254' title='bbox 163 3459 276 3514; x_wconf 86' lang='lat' dir='ltr'><strong>Turrius</strong></span> <span class='ocrx_word' id='word_1_255' title='bbox 293 3459 471 3513; x_wconf 75' lang='lat' dir='ltr'><strong>necessitatur</strong></span> <span class='ocrx_word' id='word_1_256' title='bbox 486 3460 543 3529; x_wconf 78' lang='lat' dir='ltr'><strong>fine</strong></span> <span class='ocrx_word' id='word_1_257' title='bbox 563 3492 593 3502; x_wconf 93' lang='lat'>-</span> <span class='ocrx_word' id='word_1_258' title='bbox 711 3461 732 3494; x_wconf 81' lang='lat'><strong>¹³</strong></span> <span class='ocrx_word' id='word_1_259' title='bbox 750 3461 915 3533; x_wconf 78' lang='lat' dir='ltr'><strong>quodsi...</strong></span> <span class='ocrx_word' id='word_1_260' title='bbox 931 3460 1124 3517; x_wconf 81' lang='lat' dir='ltr'><strong>conoturinter</strong></span> <span class='ocrx_word' id='word_1_261' title='bbox 1139 3458 1217 3515; x_wconf 90' lang='lat' dir='ltr'><strong>codd.</strong></span> 
     </span>
     <span class='ocr_line' id='line_1_31' title="bbox 181 3541 1218 3614; baseline 0.003 -16"><span class='ocrx_word' id='word_1_262' title='bbox 181 3543 250 3598; x_wconf 89' lang='lat' dir='ltr'><strong>Edd.</strong></span> <span class='ocrx_word' id='word_1_263' title='bbox 271 3541 373 3611; x_wconf 88' lang='lat' dir='ltr'><strong>antiqu.</strong></span> <span class='ocrx_word' id='word_1_264' title='bbox 392 3559 491 3599; x_wconf 79' lang='lat' dir='ltr'><strong>necess.</strong></span> <span class='ocrx_word' id='word_1_265' title='bbox 510 3545 538 3599; x_wconf 78' lang='lat' dir='ltr'><strong>ia</strong></span> <span class='ocrx_word' id='word_1_266' title='bbox 553 3544 609 3614; x_wconf 81' lang='lat' dir='ltr'><strong>fine</strong></span> <span class='ocrx_word' id='word_1_267' title='bbox 751 3561 833 3600; x_wconf 87' lang='lat' dir='ltr'><strong>manu</strong></span> <span class='ocrx_word' id='word_1_268' title='bbox 849 3551 974 3601; x_wconf 84' lang='lat' dir='ltr'><strong>exaratos</strong></span> <span class='ocrx_word' id='word_1_269' title='bbox 991 3545 1075 3599; x_wconf 87' lang='lat' dir='ltr'><strong>habet</strong></span> <span class='ocrx_word' id='word_1_270' title='bbox 1092 3543 1165 3599; x_wconf 88' lang='lat' dir='ltr'><strong>solus</strong></span> <span class='ocrx_word' id='word_1_271' title='bbox 1184 3545 1218 3601; x_wconf 87' lang='lat' dir='ltr'><strong>A.</strong></span> 
     </span>
     <span class='ocr_line' id='line_1_32' title="bbox 94 3627 1181 3701; baseline -0.002 -17"><span class='ocrx_word' id='word_1_272' title='bbox 94 3628 161 3699; x_wconf 76' lang='lat' dir='ltr'><strong>(lap.</strong></span> <span class='ocrx_word' id='word_1_273' title='bbox 180 3628 254 3682; x_wconf 88' lang='lat' dir='ltr'>XIII.</span> <span class='ocrx_word' id='word_1_274' title='bbox 291 3629 301 3660; x_wconf 77' lang='lat'>⁴</span> <span class='ocrx_word' id='word_1_275' title='bbox 319 3627 351 3681; x_wconf 89' lang='lat' dir='ltr'><strong>P.</strong></span> <span class='ocrx_word' id='word_1_276' title='bbox 370 3627 507 3684; x_wconf 77' lang='lat' dir='ltr'><strong>volontate</strong></span> <span class='ocrx_word' id='word_1_277' title='bbox 525 3636 591 3701; x_wconf 68' lang='lat' dir='ltr'><strong>opat</strong></span> <span class='ocrx_word' id='word_1_278' title='bbox 768 3630 838 3686; x_wconf 88' lang='lat' dir='ltr'><strong>Edd.</strong></span> <span class='ocrx_word' id='word_1_279' title='bbox 857 3629 893 3685; x_wconf 84' lang='lat' dir='ltr'><strong>Et</strong></span> <span class='ocrx_word' id='word_1_280' title='bbox 910 3630 955 3686; x_wconf 79' lang='lat' dir='ltr'><strong>lete</strong></span> <span class='ocrx_word' id='word_1_281' title='bbox 968 3634 1060 3701; x_wconf 83' lang='lat' dir='ltr'><strong>potest</strong></span> <span class='ocrx_word' id='word_1_282' title='bbox 1077 3628 1181 3684; x_wconf 81' lang='lat' dir='ltr'><strong>destrui</strong></span> 
     </span>
     <span class='ocr_line' id='line_1_33' title="bbox 132 3710 1069 3786; baseline 0.001 -18"><span class='ocrx_word' id='word_1_283' title='bbox 132 3713 228 3768; x_wconf 65' lang='grc' dir='ltr'><strong>5Ροεῐ</strong></span> <span class='ocrx_word' id='word_1_284' title='bbox 253 3710 409 3769; x_wconf 77' lang='lat' dir='ltr'><strong>huiusmodi</strong></span> <span class='ocrx_word' id='word_1_285' title='bbox 434 3715 520 3770; x_wconf 85' lang='lat' dir='ltr'><strong>versio</strong></span> <span class='ocrx_word' id='word_1_286' title='bbox 544 3715 633 3770; x_wconf 82' lang='lat' dir='ltr'><strong>FicIni</strong></span> <span class='ocrx_word' id='word_1_287' title='bbox 712 3717 732 3748; x_wconf 73' lang='lat'><strong>¹⁴</strong></span> <span class='ocrx_word' id='word_1_288' title='bbox 751 3716 783 3770; x_wconf 77' lang='lat' dir='ltr'><strong>F¹</strong></span> <span class='ocrx_word' id='word_1_289' title='bbox 802 3722 827 3771; x_wconf 87' lang='lat' dir='ltr'><strong>et</strong></span> <span class='ocrx_word' id='word_1_290' title='bbox 844 3717 914 3771; x_wconf 86' lang='lat' dir='ltr'><strong>male</strong></span> <span class='ocrx_word' id='word_1_291' title='bbox 930 3713 1069 3786; x_wconf 82' lang='lat' dir='ltr'><strong>operando</strong></span> 
     </span>
     <span class='ocr_line' id='line_1_34' title="bbox 163 3797 1052 3870; baseline -0.002 -17"><span class='ocrx_word' id='word_1_292' title='bbox 163 3797 269 3870; x_wconf 75' lang='lat' dir='ltr'><strong>opererio</strong></span> <span class='ocrx_word' id='word_1_293' title='bbox 287 3797 387 3852; x_wconf 87' lang='lat' dir='ltr'><strong>addere</strong></span> <span class='ocrx_word' id='word_1_294' title='bbox 404 3798 509 3853; x_wconf 84' lang='lat' dir='ltr'><strong>videtur</strong></span> <span class='ocrx_word' id='word_1_295' title='bbox 713 3802 735 3834; x_wconf 77' lang='lat'><strong>¹⁵</strong></span> <span class='ocrx_word' id='word_1_296' title='bbox 752 3801 784 3855; x_wconf 88' lang='lat' dir='ltr'><strong>F.</strong></span> <span class='ocrx_word' id='word_1_297' title='bbox 803 3817 865 3855; x_wconf 85' lang='lat' dir='ltr'><strong>nem</strong></span> <span class='ocrx_word' id='word_1_298' title='bbox 883 3799 1052 3855; x_wconf 79' lang='lat' dir='ltr'><strong>advertentes</strong></span> 
     </span>
     <span class='ocr_line' id='line_1_35' title="bbox 132 3881 441 3954; baseline -0.006 -16"><span class='ocrx_word' id='word_1_299' title='bbox 132 3884 144 3917; x_wconf 74' lang='lat'>⁹</span> <span class='ocrx_word' id='word_1_300' title='bbox 160 3883 194 3938; x_wconf 86' lang='grc' dir='ltr'><strong>Η.</strong></span> <span class='ocrx_word' id='word_1_301' title='bbox 214 3884 268 3937; x_wconf 74' lang='lat' dir='ltr'><strong>atsi</strong></span> <span class='ocrx_word' id='word_1_302' title='bbox 285 3881 338 3937; x_wconf 82' lang='lat' dir='ltr'><strong>talc</strong></span> <span class='ocrx_word' id='word_1_303' title='bbox 356 3900 441 3954; x_wconf 72' lang='lat' dir='ltr'><strong>opens</strong></span> 
     </span>
    </p>
   </div>
   <div class='ocr_carea' id='block_1_6' title="bbox 99 4034 1220 4310">
    <p class='ocr_par' dir='ltr' id='par_1_6' title="bbox 99 4034 1220 4310">
     <span class='ocr_line' id='line_1_36' title="bbox 165 4034 1219 4109; baseline -0.003 -16"><span class='ocrx_word' id='word_1_304' title='bbox 165 4036 239 4106; x_wconf 77' lang='lat' dir='ltr'><strong>Gap.</strong></span> <span class='ocrx_word' id='word_1_305' title='bbox 256 4034 347 4090; x_wconf 84' lang='lat' dir='ltr'><strong>x111.</strong></span> <span class='ocrx_word' id='word_1_306' title='bbox 384 4037 406 4069; x_wconf 92' lang='lat'><strong>¹⁰</strong></span> <span class='ocrx_word' id='word_1_307' title='bbox 422 4036 833 4109; x_wconf 69' lang='lat' dir='ltr'><strong>AarononnnnsMetaphstX.</strong></span> <span class='ocrx_word' id='word_1_308' title='bbox 843 4042 867 4092; x_wconf 82' lang='lat'><strong>8.</strong></span> <span class='ocrx_word' id='word_1_309' title='bbox 885 4036 1079 4092; x_wconf 82' lang='lat' dir='ltr'><strong>Versiovetus:</strong></span> <span class='ocrx_word' id='word_1_310' title='bbox 1090 4034 1219 4105; x_wconf 81' lang='lat' dir='ltr'><strong>„Semper</strong></span> 
     </span>
     <span class='ocr_line' id='line_1_37' title="bbox 100 4103 1218 4184; baseline -0.001 -24"><span class='ocrx_word' id='word_1_311' title='bbox 100 4105 167 4160; x_wconf 89' lang='lat' dir='ltr'><strong>enim</strong></span> <span class='ocrx_word' id='word_1_312' title='bbox 184 4120 218 4160; x_wconf 87' lang='lat' dir='ltr'><strong>ex</strong></span> <span class='ocrx_word' id='word_1_313' title='bbox 256 4107 372 4158; x_wconf 90' lang='lat' dir='ltr'><strong>otestate</strong></span> <span class='ocrx_word' id='word_1_314' title='bbox 391 4111 451 4159; x_wconf 91' lang='lat' dir='ltr'><strong>ente</strong></span> <span class='ocrx_word' id='word_1_315' title='bbox 467 4106 571 4161; x_wconf 85' lang='lat' dir='ltr'><strong>fitactu</strong></span> <span class='ocrx_word' id='word_1_316' title='bbox 591 4122 638 4160; x_wconf 88' lang='lat' dir='ltr'><strong>ens</strong></span> <span class='ocrx_word' id='word_1_317' title='bbox 653 4107 688 4161; x_wconf 87' lang='lat' dir='ltr'><strong>ab</strong></span> <span class='ocrx_word' id='word_1_318' title='bbox 704 4114 768 4162; x_wconf 87' lang='lat' dir='ltr'><strong>actu</strong></span> <span class='ocrx_word' id='word_1_319' title='bbox 784 4111 855 4170; x_wconf 88' lang='lat' dir='ltr'><strong>ente,</strong></span> <span class='ocrx_word' id='word_1_320' title='bbox 872 4110 1113 4174; x_wconf 83' lang='lat' dir='ltr'><strong>sempermovente</strong></span> <span class='ocrx_word' id='word_1_321' title='bbox 1128 4103 1218 4184; x_wconf 79' lang='lat' dir='ltr'><strong>aliquo</strong></span> 
     </span>
     <span class='ocr_line' id='line_1_38' title="bbox 99 4171 1220 4294; baseline -0.001 -66"><span class='ocrx_word' id='word_1_322' title='bbox 99 4174 189 4294; x_wconf 61' lang='lat' dir='ltr'><strong>primo.</strong></span> <span class='ocrx_word' id='word_1_323' title='bbox 249 4187 331 4226; x_wconf 87' lang='lat' dir='ltr'><strong>ovens</strong></span> <span class='ocrx_word' id='word_1_324' title='bbox 348 4177 437 4226; x_wconf 88' lang='lat' dir='ltr'><strong>antem</strong></span> <span class='ocrx_word' id='word_1_325' title='bbox 455 4177 519 4228; x_wconf 88' lang='lat' dir='ltr'><strong>actu</strong></span> <span class='ocrx_word' id='word_1_326' title='bbox 536 4175 588 4228; x_wconf 90' lang='lat' dir='ltr'><strong>iam</strong></span> <span class='ocrx_word' id='word_1_327' title='bbox 607 4179 675 4229; x_wconf 89' lang='lat' dir='ltr'><strong>est.“</strong></span> <span class='ocrx_word' id='word_1_328' title='bbox 747 4177 768 4208; x_wconf 77' lang='lat'><strong>¹⁶</strong></span> <span class='ocrx_word' id='word_1_329' title='bbox 786 4174 929 4229; x_wconf 83' lang='lat' dir='ltr'><strong>GenesIs</strong></span> <span class='ocrx_word' id='word_1_330' title='bbox 948 4179 988 4227; x_wconf 76' lang='lat'><strong>27.</strong></span> <span class='ocrx_word' id='word_1_331' title='bbox 1006 4190 1029 4227; x_wconf 88' lang='lat' dir='ltr'><strong>v.</strong></span> <span class='ocrx_word' id='word_1_332' title='bbox 1050 4177 1090 4226; x_wconf 80' lang='lat'><strong>22.</strong></span> <span class='ocrx_word' id='word_1_333' title='bbox 1126 4171 1220 4240; x_wconf 86' lang='lat' dir='ltr'><strong>„Drxit</strong></span> 
     </span>
     <span class='ocr_line' id='line_1_39' title="bbox 114 4238 1060 4310; baseline -0.001 -13"><span class='ocrx_word' id='word_1_334' title='bbox 114 4257 189 4297; x_wconf 83' lang='lat' dir='ltr'><strong>saec:</strong></span> <span class='ocrx_word' id='word_1_335' title='bbox 210 4257 263 4295; x_wconf 86' lang='lat' dir='ltr'><strong>vox</strong></span> <span class='ocrx_word' id='word_1_336' title='bbox 281 4238 387 4308; x_wconf 83' lang='lat' dir='ltr'><strong>quidem</strong></span> <span class='ocrx_word' id='word_1_337' title='bbox 405 4257 456 4295; x_wconf 90' lang='lat' dir='ltr'><strong>vox</strong></span> <span class='ocrx_word' id='word_1_338' title='bbox 474 4241 569 4310; x_wconf 87' lang='lat' dir='ltr'><strong>Jacob,</strong></span> <span class='ocrx_word' id='word_1_339' title='bbox 589 4243 636 4297; x_wconf 87' lang='lat' dir='ltr'><strong>sed</strong></span> <span class='ocrx_word' id='word_1_340' title='bbox 653 4257 748 4298; x_wconf 87' lang='lat' dir='ltr'><strong>manus</strong></span> <span class='ocrx_word' id='word_1_341' title='bbox 765 4257 861 4298; x_wconf 88' lang='lat' dir='ltr'><strong>manus</strong></span> <span class='ocrx_word' id='word_1_342' title='bbox 879 4247 943 4297; x_wconf 88' lang='lat' dir='ltr'><strong>sunt</strong></span> <span class='ocrx_word' id='word_1_343' title='bbox 959 4242 1060 4297; x_wconf 84' lang='lat' dir='ltr'><strong>Escu.“</strong></span> 
     </span>
    </p>
   </div>
   <div class='ocr_carea' id='block_1_7' title="bbox 0 0 1477 4874">
    <p class='ocr_par' dir='ltr' id='par_1_7' title="bbox 0 0 1477 4874">
     <span class='ocr_line' id='line_1_40' title="bbox 0 0 1477 4874; baseline 0 0"><span class='ocrx_word' id='word_1_344' title='bbox 0 0 1477 4874; x_wconf 95' lang='lat' dir='ltr'><strong> </strong></span> 
     </span>
    </p>
   </div>
  </div>
 </body>
</html>
