2910 4876
246 285 305 348 106
536 287 672 342 DANTIS
690 287 909 343 Monaesum
926 288 973 343 III.
992 287 1021 343 C.
1040 293 1063 344 t.

244 460 373 530 Domini
396 481 597 545 expressum,
626 461 688 527 boc
711 459 796 526 fecit.
846 459 940 540 Quod
966 464 1071 545 patet,
1102 461 1178 542 quia
1206 461 1364 544 quidquid

196 581 226 630 rs
245 564 333 630 Deus
355 561 452 645 dixit,
475 562 536 629 boc
556 562 632 628 fecit
654 563 772 645 solum,
795 565 828 627 et
849 562 911 628 boc
932 563 1048 631 retulit.

327 665 420 732 Unde
442 664 614 748 sciendum,
638 662 725 745 quod
746 661 835 728 aliud
857 669 906 729 est
928 684 1001 730 esse
1023 663 1186 748 vicarium,
1209 665 1300 731 aliud
1314 671 1363 732 est

242 788 312 836 esse
332 767 481 833 nuncium
503 765 571 833 sive
593 766 786 849 ministrum3
810 764 891 831 sicut
912 764 1001 831 aliud
1023 772 1071 833 est
1094 786 1165 832 esse
1189 765 1361 852 doctorem,

244 869 333 936 aliud
354 873 403 936 est
425 888 495 935 esse
517 869 730 952 interpretem.
774 869 858 934 Nam
887 867 1068 933 vicarius
1096 873 1158 951 est,
1190 869 1240 933 cui
1266 869 1361 954 juris-

242 971 338 1038 dictio
362 991 432 1037 cum
454 972 526 1051 lege
541 971 595 1036 vel
611 990 680 1035 cum
703 970 835 1036 arbitrio
851 969 1019 1035 commissa
1042 974 1104 1052 est3
1129 973 1162 1035 et
1183 968 1257 1037 ideo
1278 972 1362 1037 intra

192 1087 225 1139 20
242 1075 393 1140 terminos
419 1072 651 1157 jurisdictionis
679 1072 866 1139 commissae
895 1070 936 1136 de
969 1072 1041 1152 lege
1070 1072 1123 1137 vel
1159 1070 1199 1136 de
1229 1072 1361 1140 arbitrio
1392 1150 1394 1154 μ

241 1181 347 1262 potest
374 1193 471 1256 agere
499 1174 582 1239 eirca
610 1175 748 1259 aliquid,
782 1173 868 1255 quod
897 1172 1043 1239 dominus
1073 1173 1199 1240 omnino
1225 1174 1359 1255 ignorat.

238 1277 419 1344 Nuncius
442 1281 549 1342 autem
571 1297 634 1342 non
648 1281 764 1361 potest,
786 1274 986 1356 inquantum
1000 1275 1146 1359 nuncius;
1174 1274 1234 1341 sed
1251 1295 1360 1357 quem-

240 1379 413 1447 admodum
449 1380 585 1444 malleus
619 1378 653 1443 in
688 1379 758 1444 sola
792 1377 908 1443 virtute
937 1377 1020 1442 fabri
1055 1382 1217 1462 operatur,
1252 1377 1299 1443 sie
1329 1382 1367 1443 et.

240 1482 372 1548 nuncius
399 1481 433 1545 in
461 1482 530 1546 solo
553 1478 684 1545 arbitrio
708 1480 792 1564 ejus,
823 1480 877 1562 qui
904 1480 1002 1544 mittit
1022 1479 1122 1544 illum.
1166 1478 1241 1544 Non
1263 1479 1361 1560 igitur

190 1584 396 1666 assequitur,
425 1582 453 1648 si
481 1583 569 1647 Deus
596 1601 655 1666 per
680 1582 828 1647 nuncium
858 1581 1040 1648 Samuelem
1069 1580 1242 1664 fecithoc,
1275 1580 1361 1662 quod

239 1684 375 1750 vicarius
391 1683 454 1749 Dei
476 1683 537 1750 hoo
558 1683 663 1749 facere
678 1683 788 1767 possit.
825 1684 927 1749 Multa
942 1683 1026 1748 enim
1041 1683 1130 1748 Deus
1144 1701 1202 1766 per
1216 1683 1360 1764 Angelos

239 1786 328 1870 fecit,
352 1785 482 1851 etfacit
504 1784 696 1851 etfacturus
719 1790 783 1869 est,
807 1805 889 1867 quae
911 1784 1049 1851 vicarius
1072 1784 1149 1868 Dei,
1179 1784 1269 1849 Petri
1291 1804 1359 1850 suo-

240 1908 360 1971 cessor,
382 1887 488 1952 facere
509 1907 572 1952 non
594 1891 711 1971 posset.

322 1987 416 2054 Unde
438 1993 659 2068 argumentum
686 1988 818 2054 istorum
847 1994 896 2055 est
917 2009 937 2054 a
962 1993 1029 2055 toto
1052 1987 1095 2053 ad
1116 1991 1255 2072 partem,
1287 2008 1358 2054 eon-

267 2226 287 2258 ¹⁴
304 2224 337 2278 V.
356 2225 409 2279 Dei
424 2224 670 2295 expressum-H.
687 2224 772 2279 eDeo
850 2225 872 2258 ²¹
890 2224 922 2278 F.
940 2224 1016 2278 H.L.
1027 2227 1058 2280 P.
1066 2224 1099 2278 V.
1112 2222 1262 2292 -Reliqui
1279 2240 1357 2278 tanne.

304 2325 463 2382 expressam
890 2306 949 2360 solo
967 2308 1080 2362 arbitrio
1361 2300 1363 2310 '

258 2407 262 2414 ’
321 2395 360 2449 Μ.
378 2399 465 2466 patet,
491 2392 566 2463 qnod
590 2391 772 2463 quicquid-
907 2391 939 2445 F.
957 2392 992 2445 H.
1011 2391 1075 2446 Non
1091 2409 1158 2464 erqo

304 2480 335 2533 F.
353 2479 385 2534 V.
399 2483 487 2551 patet,
505 2476 637 2548 quicquid
848 2477 871 2511 ²⁰
888 2476 925 2530 M.
945 2479 996 2532 boe
1012 2477 1108 2546 facere
1119 2483 1216 2548 posset
1239 2509 1271 2521 -
1290 2478 1358 2533 Edd.

266 2565 286 2597 ¹¹
304 2564 337 2616 H.
355 2565 470 2618 ministr.
489 2565 530 2618 sie
546 2562 624 2617 alind
639 2568 680 2616 est
890 2560 942 2617 boc
971 2562 1068 2631 fecere
1098 2564 1190 2633 possit
1225 2564 1359 2618 similiter.

264 2650 286 2684 ¹⁸
299 2651 330 2704 P.
349 2665 407 2703 esse
424 2647 695 2718 interemptam—F.
714 2662 771 2700 esse
889 2646 1016 2701 Ultimum
1041 2662 1135 2701 vocem
1166 2662 1253 2716 neque
1280 2647 1356 2702 codd.

303 2736 521 2805 interemptorem
548 2764 582 2773 -
608 2733 640 2786 ln
665 2730 769 2786 Veneto
889 2737 1051 2800 agnoscunt,
1070 2746 1158 2800 neque
1175 2732 1296 2787 Ficinus.

302 2819 399 2888 legitur
421 2833 470 2887 per
496 2819 689 2872 correctionem
713 2832 771 2870 esse
846 2817 871 2849 ²⁸
886 2817 983 2886 fecere
999 2833 1054 2870 non
1067 2823 1174 2888 potest,
1193 2817 1266 2886 quod
1284 2818 1356 2872 exhi·

302 2905 484 2975 interpretem,
509 2902 574 2972 qnid
597 2917 659 2957 vero
683 2902 770 2970 prima
889 2902 954 2955 bent
971 2901 1083 2956 Turrius
1101 2907 1128 2956 et
1144 2902 1256 2969 Fratic.‚
1276 2905 1357 2958 habet

301 3003 383 3042 manu
402 2989 531 3057 scriptum
547 2986 636 3053 fuerit,
650 2987 769 3041 divinare
888 2986 927 3040 M.
941 2989 970 3039 et
986 2986 1114 3041 habuisse
1122 2987 1228 3042 videtur
1235 2988 1356 3055 Fidum,

301 3090 357 3128 non
373 3073 468 3141 potui.
889 3071 1008 3140 nihilque
1020 3071 1132 3139 impedit
1148 3073 1291 3140 quominus
1309 3075 1355 3128 ab·

264 3158 286 3190 ¹⁹
302 3157 333 3211 F.
352 3175 412 3212 cnm
432 3158 491 3225 leqe
507 3156 551 3211 nel
567 3157 680 3210 arbitrio
888 3155 1081 3210 breviationem
1115 3156 1216 3212 codicis
1252 3160 1286 3213 H.
1318 3159 1357 3213 ita

260 3243 283 3276 ²¹
302 3241 335 3297 F.
360 3242 390 3295 P.
418 3258 500 3311 aqere
527 3248 624 3296 eontra
655 3240 769 3311 aliquid,
888 3239 1104 3308 interpretemur.
1146 3241 1356 3299 Praelerendam

303 3325 375 3394 quod
393 3330 419 3379 et
430 3326 463 3380 V.
476 3325 539 3381 olim
557 3326 684 3380 habuisse
695 3324 768 3380 vide-
887 3328 977 3378 tamen
1012 3325 1172 3381 credidimus
1214 3327 1355 3383 lectionem

301 3415 346 3464 tur
363 3442 398 3449 —
414 3412 447 3464 Α.
466 3427 548 3481 aqere
565 3409 671 3480 aliquid
887 3410 996 3478 reliquis
1023 3411 1160 3465 codicibus
1183 3411 1354 3481 antiquisque

260 3497 283 3530 ²³
300 3498 333 3549 A.
342 3496 376 3551 V.
395 3500 534 3566 operatur,
552 3496 592 3550 sie
606 3496 723 3550 nnnet'ns
734 3526 768 3535 —
888 3494 962 3548 editt.
982 3510 1158 3550 communem.

300 3581 333 3636 F.
352 3598 395 3652 op.
413 3582 453 3634 ste
469 3581 549 3634 etiem
568 3595 647 3634 nune.
845 3580 870 3613 ²⁹
886 3579 918 3633 F.
937 3585 977 3633 est
993 3579 1028 3633 rte
1046 3586 1101 3636 toto

305 3787 326 3819 ¹⁸
343 3784 445 3841 Similia
465 3785 591 3853 leguntur
615 3784 644 3837 in
668 3749 794 3839 Glossa
822 3783 1007 3838 ordinaria
1028 3785 1176 3839 Brennum
1192 3785 1350 3842 Plausum

234 3854 269 3909 ad
291 3853 446 3909 Decretales
469 3852 589 3922 Gregorii
613 3852 661 3905 IX.
688 3852 748 3906 Lib.
765 3852 787 3906 I.
812 3851 865 3905 Tit.
885 3857 925 3905 28.
948 3867 1008 3920 cap.
1027 3859 1050 3906 5.
1096 3854 1240 3919 „Vicarius
1265 3855 1351 3913 omnia

233 3922 578 4046 gothsatssaqgaflpffent
595 3920 630 3977 ad
645 3920 861 3989 jurisdictionem
878 3921 964 3986 illius,
984 3922 1062 3990 cujus
1080 3922 1166 3977 ricem
1182 3923 1279 3991 gerit.“

536 4073 577 4128 Lo
595 4079 666 4127 moto
684 4090 699 4127 e
716 4074 744 4128 lo
761 4074 833 4127 oirtri
851 4072 896 4128 det
911 4075 984 4128 serati
999 4075 1067 4146 qlrr',

488 4142 565 4197 Come
583 4142 632 4195 del
646 4142 747 4211 febbro
765 4141 841 4195 terte
858 4141 904 4195 del
919 4143 1058 4207 martello,

485 4210 542 4265 Dar'
558 4211 630 4264 teeti
646 4216 733 4264 motor
751 4210 862 4264 ceneten
880 4207 929 4264 cde
945 4212 1022 4280 spiri.
