2910 4876
226 330 285 389 114
519 332 653 387 DANTIS
672 333 889 389 MONARCHIA
908 335 954 388 III.
973 335 1001 389 Ο.
1020 341 1044 389 9.

310 502 402 584 Quod
418 511 524 571 autem
538 505 702 589 responsio
718 526 782 571 non
803 507 916 572 fuisset
930 506 973 571 ad
995 508 1199 575 intentionem
1215 494 1345 594 Christi,

223 628 286 673 non
310 607 369 672 erit
390 606 651 689 immanifestum,
679 607 706 671 si
728 607 965 674 considerentur
986 610 1086 674 verba
1106 608 1346 695 praecedentia,

174 728 205 778 15
225 715 257 775 ct
280 728 376 774 eausa
392 708 567 774 verborum.
606 709 740 792 Propter
755 709 841 791 quod
855 710 1028 793 sciendum,
1045 710 1131 791 quod
1146 709 1207 773 hoo
1225 706 1345 772 dictum

222 811 282 876 fuit
302 811 335 874 in
358 809 409 875 die
432 829 564 892 coenae3
594 808 679 875 unde
701 810 804 876 Lucas
834 811 945 894 incipit
968 811 1112 895 superius
1135 809 1194 875 sic:
1229 808 1347 891 „Venit

224 917 330 979 autem
353 911 421 976 dies
443 932 642 995 azymorum,
671 912 705 977 in
728 932 789 994 quo
812 933 942 979 necesse
966 918 1034 979 erat
1056 911 1159 978 occidi
1181 909 1345 993 Pascha“;

222 1016 255 1081 in
284 1035 346 1098 qua
375 1013 504 1096 quidem
535 1033 634 1078 coena
661 1016 889 1096 praeloquutus
924 1016 1027 1080 fuerat
1055 1014 1197 1080 Christus
1228 1012 1268 1078 de
1298 1012 1345 1076 in-

223 1122 354 1198 gruente
376 1115 541 1200 passione,
571 1115 603 1178 in
634 1134 699 1196 qua
720 1117 888 1199 oportebat
914 1117 1019 1199 ipsum
1041 1115 1182 1201 separari
1206 1136 1226 1179 a
1250 1114 1346 1179 disci-

173 1238 206 1288 20
224 1218 308 1303 pulis
323 1218 397 1283 suis.
434 1219 514 1282 Item
530 1217 701 1300 sciendum,
726 1216 811 1298 quod
826 1218 881 1282 nbi
902 1218 965 1283 ista
979 1219 1079 1284 verba
1099 1218 1347 1299 intervenerunt,

223 1326 313 1385 erant
327 1319 420 1383 simul
436 1337 545 1384 omnes
561 1317 728 1385 duodecim
744 1318 906 1404 discipuli;
930 1320 1013 1386 unde
1028 1338 1141 1402 parum
1155 1323 1229 1401 post
1244 1319 1348 1383 verba

222 1421 399 1504 praemissa
421 1419 497 1484 dicit
519 1421 637 1486 Lucas:
660 1420 722 1504 „Et
738 1441 834 1502 quum
856 1421 941 1486 faeta
963 1427 1049 1486 esset
1064 1421 1149 1503 hora,
1174 1419 1348 1503 discubuit,

99 1520 106 1536 ⁸
199 1526 255 1603 ¹et
277 1521 445 1587 duodecim
461 1521 609 1604 Apostoli
632 1543 702 1587 oum
726 1522 795 1588 e0.“
832 1522 873 1586 m
895 1544 935 1589 ex
950 1523 1024 1588 hine
1039 1522 1221 1588 continuato
1245 1522 1345 1588 collo-

224 1624 298 1705 quio
321 1622 408 1689 venit
430 1621 472 1685 ad
496 1624 591 1688 haec:
620 1624 775 1707 „Quando
798 1624 870 1689 misi
892 1643 949 1690 vos
971 1625 1039 1689 sine
1062 1624 1187 1689 saeculo
1212 1628 1243 1689 ct
1264 1643 1348 1708 pera

172 1745 205 1796 25
223 1732 255 1792 et
278 1724 516 1806 calceamentis,
539 1725 692 1806 numquid
713 1725 837 1807 aliquid
859 1725 959 1792 defuit
980 1726 1094 1792 vobis?
1117 1725 1160 1789 At
1181 1724 1230 1788 illi
1253 1724 1347 1791 dixe-

222 1832 310 1890 runt:
333 1825 431 1890 Nihil.
476 1825 567 1888 Dixit
590 1844 665 1907 ergo
689 1827 750 1893 eis:
775 1826 839 1894 Sed
861 1847 958 1910 nunc,
982 1828 1036 1910 qui
1058 1828 1155 1893 habel
1172 1827 1347 1910 sacculum,

223 1929 325 2011 tollat,
350 1927 494 1992 similiter
517 1932 548 1992 et
570 1947 694 2011 peram,
719 1929 823 2010 etqui
845 1929 1029 2011 nonhabet,
1052 1928 1172 1994 vendat
1193 1928 1347 2012 tunicam,

224 2035 255 2095 el
278 2036 363 2095 emat
384 2027 558 2111 gladium.“
594 2029 709 2110 inquo
732 2031 810 2096 satis
833 2038 941 2114 aperte
963 2030 1094 2096 intentio
1111 2029 1229 2094 Christi
1243 2030 1347 2095 mani-

222 2131 368 2215 festatur,
392 2130 562 2197 nonenim
585 2129 680 2196 dixit:
703 2131 840 2216 Emotis,
864 2134 916 2198 vol
938 2132 1085 2197 habeatis
1104 2130 1182 2197 duos
1205 2130 1348 2216 gladios,

172 2237 204 2290 ³0
221 2233 286 2300 imo
311 2233 495 2316 duodecim,
527 2252 622 2314 quum
645 2231 687 2297 ad
710 2232 878 2300 duodecim
901 2232 1074 2318 discipulos
1097 2233 1231 2299 diceret:
1260 2234 1348 2316 „Qui

221 2355 284 2401 non
307 2335 421 2418 habet,
445 2335 560 2419 emat“,
582 2340 618 2400 ut
641 2336 774 2418 quilibet
795 2336 928 2402 haberet
949 2355 1054 2402 unum.
1099 2335 1140 2399 Et
1162 2335 1223 2400 hoc
1246 2335 1348 2402 etiam

250 2553 271 2585 ¹³
290 2552 355 2606 Cum
375 2553 450 2607 codd.
469 2553 501 2606 A.
520 2553 552 2605 Η.
566 2553 604 2606 M.
617 2553 650 2607 V.
670 2554 755 2622 scrip·

290 2638 371 2692 simus
400 2637 478 2702 Quod
500 2643 589 2691 autem
616 2633 755 2708 responsio

289 2754 321 2762 -
339 2723 368 2775 P.
394 2722 472 2776 etiam
496 2722 540 2775 hic
565 2722 644 2787 Quod
666 2730 755 2777 cutem

288 2808 358 2860 ratio
377 2838 410 2846 -
427 2806 459 2858 V.
478 2813 592 2875 utroque
613 2807 673 2861 loco
692 2807 755 2860 olim

288 2891 358 2945 idem
376 2892 504 2946 habuisse
521 2891 631 2946 videtur.
662 2923 694 2930 —
721 2892 752 2945 L.

288 2979 316 3029 et
339 2969 424 3029 editt'
431 2975 510 3041 Quod
530 2983 620 3030 alitem
643 2993 754 3046 respou-

288 3059 427 3112 sum—F.
438 3059 517 3124 Quod
533 3066 622 3114 autem
637 3063 754 3115 intencio

304 3143 337 3195 Η.
356 3143 393 3196 ud
410 3146 641 3215 interemptionem
662 3145 721 3200 Cir.

249 3229 269 3262 ¹²
286 3228 320 3280 H.
342 3231 369 3281 et
387 3226 419 3281 V.
443 3244 491 3296 pro
516 3246 568 3283 uon
594 3232 645 3284 crit
663 3232 755 3284 isumu-

287 3312 417 3382 uifesium
452 3313 553 3367 habent
587 3316 638 3368 erit
670 3317 754 3368 usarii-

225 3469 227 3472 γ
285 3397 387 3467 festum

247 3482 268 3514 ¹⁸
285 3481 318 3535 Η.
337 3482 374 3535 Μ.
400 3484 427 3535 iu
453 3500 507 3553 qua
537 3484 645 3553 quidem
672 3501 753 3554 prcc-

287 3567 416 3636 loquutus

303 3653 336 3704 A.
357 3650 386 3703 F.
405 3652 440 3705 Η.
458 3653 489 3706 L.
507 3653 536 3707 P.
554 3653 612 3722 suit
631 3651 752 3708 Christus

244 3738 267 3770 ²⁰
284 3737 317 3789 A.
336 3736 374 3788 Μ.
393 3737 530 3791 sciendum
548 3745 588 3791 est
606 3738 681 3807 quod

302 3821 331 3874 F.
350 3822 423 3890 quod
441 3823 492 3875 istu
511 3825 591 3877 verba

243 3904 267 3936 ²²
284 3903 314 3956 P.
328 3911 396 3973 post
412 3907 492 3960 verbo
504 3907 632 3978 predicta

302 3988 334 4040 H.
353 3987 418 4042 dicit
434 3992 600 4062 cucupclistc
617 3991 706 4046 Lucas

833 2555 864 2619 ²²,
884 2554 907 2586 ²³
924 2553 954 2606 P.
983 2554 1124 2608 discumbit
1148 2561 1175 2606 ct
1200 2554 1348 2610 duodecim

876 2638 1006 2708 discipuli
1022 2653 1082 2691 cum
1100 2654 1131 2691 eo

834 2722 858 2755 ²³
875 2723 909 2775 H.
928 2722 961 2776 V.
987 2729 1013 2776 et
1036 2722 1110 2775 editt.
1130 2721 1178 2776 Eu
1196 2721 1260 2776 iiiuc
1277 2737 1347 2780 con*

875 2809 980 2862 sinuato
997 2836 1029 2844 —-
1042 2805 1184 2873 Sequimur
1207 2808 1241 2861 A.
1260 2809 1291 2864 F.
1310 2811 1346 2864 L.

890 2978 922 3029 A.
942 2975 978 3029 m
1003 2992 1040 3030 eu
1063 2974 1126 3029 iiiuc
1144 2983 1214 3029 cont.
1233 2977 1347 3046 eloquio

832 3063 854 3095 ²⁴
872 3062 904 3114 F.
923 3061 956 3113 H.
974 3061 1005 3113 L.
1024 3061 1061 3113 M.
1079 3060 1110 3113 V.
1129 3063 1201 3115 cciiii
1219 3063 1257 3116 ad
1272 3061 1328 3118 doc

890 3146 922 3198 F.
941 3144 1073 3210 Quoniam
1091 3147 1154 3199 uiisi
1170 3162 1218 3199 uos

831 3232 855 3284 ²⁵.
871 3231 903 3284 L.
921 3232 1060 3299 uscunquid
1079 3231 1175 3299 inquii,
1193 3231 1286 3300 defuit
1309 3264 1348 3273 —

872 3316 902 3368 P.
921 3314 1042 3384 utquid,
1061 3316 1157 3385 iniquit,
1176 3315 1268 3386 defuit

889 3400 921 3451 F.
941 3401 980 3453 Ac
998 3399 1040 3453 ilii
1055 3398 1115 3453 diu.

832 3487 854 3518 ²⁷
872 3485 904 3537 F.
930 3484 1027 3537 vendut
1054 3486 1172 3538 turcicum
1198 3500 1276 3538 suam
1301 3491 1344 3550 (ut

871 3570 899 3622 in
916 3573 993 3622 textu
1010 3572 1099 3633 sacro)

829 3654 853 3686 22
869 3653 902 3706 F.
921 3670 977 3707 uois
994 3653 1067 3707 dixit
1084 3652 1191 3708 Emotis

832 3739 855 3772 ³⁰
872 3739 904 3790 A.
924 3743 951 3791 et
961 3737 1036 3793 editt.
1054 3738 1092 3791 od
1108 3738 1249 3795 duodecim
1259 3741 1344 3797 disci·

865 3823 951 3894 pulos
969 3823 1125 3891 loqueretur
1134 3854 1167 3862 —
1178 3824 1244 3878 Cum
1259 3825 1292 3880 F.
1305 3827 1340 3880 H.

871 3907 1340 3974 L.M.P.V.reposuismusdiccret.

829 3992 852 4024 ³¹
869 3991 902 4044 F.
920 3990 956 4045 m
974 3990 1025 4047 boc
1042 3992 1147 4047 dicebat

290 4176 309 4206 '⁶
327 4173 435 4227 Evina.
453 4175 549 4229 Lucae
569 4191 627 4243 cap.
647 4177 691 4230 cit.
710 4193 778 4231 vers.
799 4182 823 4231 l.
902 4179 925 4209 22
941 4177 1008 4232 Ibid.
1028 4194 1095 4233 vers.
1117 4183 1154 4232 14.
1226 4181 1249 4212 ²³
1267 4181 1339 4253 Ibid.

216 4256 283 4295 vers.
304 4246 345 4296 35.
364 4247 403 4297 36.
