2896 4876
514 304 796 361 PROLEGOMENA.
1100 308 1228 362 ·ΧΧΧΙΙΙ
1262 390 1263 394 ¹

336 474 419 529 AUG.
437 474 496 529 ΤΒ.
514 474 640 528 XXXVI.
662 479 683 528 l.
703 474 747 541 (I).
765 474 848 531 hou.
865 476 914 529 III.
937 481 986 541 13.)

155 597 366 688 „Dominium
392 598 535 669 naturale
556 609 586 668 et
606 598 786 693 politicum,
813 610 843 669 ct
870 609 959 671 recto
978 610 1010 673 et
1025 598 1114 694 justo
1134 601 1226 673 titulo

156 725 368 820 acquisitum,
403 736 576 822 sequutum
615 736 664 796 est
699 725 936 826 sacerdotium,
973 728 1046 823 quia
1081 728 1143 799 tale
1172 728 1228 799 do·

159 852 296 923 minium
331 853 363 922 in
400 853 618 924 ministerium
654 853 825 925 sacerdotii
861 867 892 924 et
926 855 957 924 in
994 854 1166 926 tuitionem
1195 867 1227 927 et

157 979 382 1051 defensionem
402 980 566 1052 Ecclesiae
584 1004 777 1053 concessum
798 991 846 1052 est
868 1033 992 1054 .....
1020 979 1158 1053 Planum
1178 992 1227 1054 est

157 1119 276 1197 autem,
300 1107 384 1204 qood
406 1107 624 1179 sacerdotium
644 1109 751 1179 statim
772 1118 845 1204 post
864 1108 1018 1179 diluvium
1041 1109 1224 1191 institutum

156 1234 217 1305 luit
244 1236 276 1304 in
305 1259 444 1330 persona
464 1234 712 1326 Melchisedech,
741 1236 795 1331 qui
823 1259 990 1307 summum
1012 1236 1226 1328 sacerdotem,

156 1360 208 1456 qui
231 1385 319 1432 nunc
345 1373 403 1453 est,
434 1362 635 1457 significabat
655 1416 780 1435 .....
798 1362 965 1447 Quantum
985 1363 1023 1434 ad
1041 1386 1226 1458 personam,

155 1512 266 1559 verum
297 1499 354 1580 est,
382 1491 467 1585 quod
488 1490 671 1561 dominium
693 1490 805 1587 papale
825 1490 859 1560 in
887 1488 1087 1561 heatoPetro
1115 1490 1226 1562 incoe-

156 1617 220 1712 pit,
258 1617 311 1712 qui
346 1617 407 1688 luit
433 1618 559 1713 primus
586 1617 687 1712 Papa,
722 1641 820 1712 quem
848 1618 981 1713 planum
1017 1628 1082 1707 est,
1116 1619 1226 1714 plures

156 1743 372 1840 Imperatores
399 1753 430 1815 et
456 1743 562 1838 Reges
597 1745 812 1840 praecessisse
846 1744 878 1815 in
907 1745 1136 1840 temporalium
1172 1746 1226 1816 ad·

157 1872 410 1961 ministratione3
445 1895 510 1942 non
539 1883 646 1943 autem
683 1882 839 1968 quantum
876 1872 915 1943 ad
952 1873 1054 1968 ipsius
1090 1873 1225 1960 dominii

151 1996 432 2091 jurisdictionem,
460 2024 576 2094 quam,
603 2023 663 2070 nec
692 2010 785 2090 ante,
816 2023 876 2070 uec
902 2011 986 2096 post,
1021 2000 1130 2071 nullus
1157 1999 1226 2072 Rex

155 2117 202 2198 uel
230 2126 410 2223 Imperator
437 2126 556 2197 habere
576 2137 692 2223 potest,
720 2127 817 2198 nisia
846 2125 986 2216 Christo,
1015 2137 1046 2197 et
1063 2152 1121 2223 per
1149 2152 1227 2198 con·

113 2334 115 2338 ,
154 2278 305 2350 sequens,
332 2255 394 2325 nisi
422 2279 439 2324 a
466 2253 608 2350 Papo.“.

104 2380 243 2452 XXXVI.
273 2381 305 2450 4.
344 2381 484 2472 „Verum
514 2392 573 2472 est,
605 2381 840 2476 Imperatorem
870 2377 969 2451 luisse
1004 2391 1078 2452 ante
1106 2379 1224 2476 Papam

155 2518 311 2605 quantum
340 2509 378 2579 ad
407 2533 592 2604 personam,
619 2509 674 2579 sed
713 2518 972 2602 nou-quantum
1007 2507 1045 2577 ad
1082 2508 1225 2578 odicium

154 2648 186 2707 et
203 2637 356 2730 liguram.
395 2637 560 2708 Successit
572 2637 658 2707 enim
676 2636 814 2732 Papotus
826 2646 857 2705 et
868 2634 1085 2706 sacerdotium
1104 2632 1225 2705 Christi

155 2764 335 2836 sacerdotio
358 2763 520 2855 Levitico,
555 2775 586 2834 et
621 2764 838 2836 sacerdotium
860 2760 1040 2832 Leviticum
1069 2762 1226 2833 successit

154 2891 334 2962 sacerdotio
353 2892 436 2986 Iegis
464 2901 608 2962 naturae.
648 2890 740 2961 Unde
768 2888 992 2960 universaliter
1007 2889 1223 2973 sacerdotium

154 3019 215 3090 luit
242 3027 316 3088 ante
342 3018 539 3115 Imperium,
566 3071 682 3089 .....
712 3042 771 3088 uec
805 3017 907 3088 dictae
941 3026 1115 3111 potestates
1150 3029 1226 3088 sunt

154 3147 309 3216 discretae
337 3157 369 3216 et
396 3145 549 3236 diversae,
577 3145 649 3240 quia
677 3169 741 3215 una
760 3168 826 3215 non
855 3145 1028 3216 reducatur
1056 3146 1087 3215 in
1112 3145 1225 3234 aliam;

155 3281 289 3368 utraque
317 3273 403 3343 enim
433 3283 482 3343 est
508 3297 525 3342 a
553 3272 638 3343 Deo:
667 3272 721 3342 sed
744 3271 930 3368 Apostolica
958 3283 989 3341 et
1015 3271 1224 3343 sacerdotalis

156 3391 356 3491 immediate,
384 3399 565 3494 Imperialis
592 3423 667 3469 vero
697 3400 862 3470 mediante
889 3398 1073 3493 Apostolioa
1100 3399 1149 3469 vel
1178 3424 1226 3470 sa·

156 3527 340 3628 cerdotaIi.
368 3581 464 3597 ....
491 3525 574 3623 Papa
603 3551 669 3596 non
698 3526 792 3598 dehet
820 3545 976 3622 usurpare
1003 3525 1223 3597 immediatam

153 3655 376 3725 executionem
395 3654 443 3724 vel
456 3654 772 3726 administrationem
787 3653 1027 3749 temporalium,
1040 3676 1080 3721 ne
1093 3662 1225 3747 propter
1250 3638 1253 3642 ¹

153 3781 249 3851 talem
277 3782 502 3853 executionem
522 3781 666 3878 implicet
693 3805 726 3852 se
755 3780 893 3876 negotiis
922 3779 1155 3868 saecularibus3
1175 3821 1224 3831 -

152 3907 208 3980 sed
238 3933 276 3978 ox
303 3909 365 3980 hoc
385 3933 450 3980 non
471 3910 670 3981 subtrahitur
697 3907 884 3981 dominium
905 3906 1135 4002 temporalium
1164 3906 1224 4001 ipsi

151 4035 265 4130 Papae,
293 4038 366 4131 quia
394 4037 427 4107 iu
456 4037 581 4108 delictis
608 4048 640 4108 et
666 4036 826 4107 violentiis
855 4058 920 4105 nou
948 4033 1051 4129 possit
1083 4032 1225 4128 Impera·

152 4173 239 4234 tores
266 4175 298 4234 et
323 4162 429 4258 Reges
457 4165 639 4257 emulgere,
666 4173 697 4235 et
725 4187 781 4256 eos
812 4161 957 4231 dominio
995 4159 1223 4256 temporalium

1020 4289 1034 4328 0
