2902 4874
182 275 224 338 24
443 278 578 335 DANTIS
595 277 814 358 MONARCHIA
831 279 852 333 I.
872 278 902 333 C.
923 282 964 333 12.
983 284 1044 345 (14).

180 452 352 518 humanum
374 469 473 534 genus
495 451 612 536 optime
635 468 669 517 se
683 450 803 517 habere
824 471 888 516 non
903 449 997 533 dieat,
1022 469 1118 533 quum
1135 450 1303 536 potissime

131 561 163 612 eo
180 555 242 620 boo
270 552 426 637 prinoipio
455 553 557 638 possit
583 552 652 617 uti?
681 551 747 619 Sed
774 551 914 619 existens
948 553 1007 617 sub
1034 553 1222 637 Monareha‚
1254 560 1305 621 est

178 654 345 740 potissime
371 655 515 721 liberum.
564 658 699 739 Propter
721 653 806 737 quod
828 651 1006 737 soiendum,
1036 652 1123 735 quod
1147 654 1305 747 illudest

179 757 324 840 liberum,
348 755 434 838 quod
447 756 570 841 suimet,
586 763 619 824 et
632 776 695 822 non
711 755 841 822 alterius
855 755 960 837 gratia
974 760 1032 839 est,
1054 760 1089 820 ut
1103 755 1304 843 Philosopho

180 859 285 944 plaeet
305 858 339 922 in
360 858 416 941 iis,
445 877 527 940 quae
559 859 600 924 de
622 855 808 942 simpliciter
834 856 925 923 Ente.
969 857 1054 922 Nam
1081 857 1116 922 id
1144 858 1231 941 quod
1254 864 1304 925 est

181 960 312 1026 alterius
338 959 693 1043 gratia,'neoessitatur
714 958 756 1024 ab
783 958 857 1042 illo,
887 958 975 1024 ouius
997 959 1102 1041 gratia
1123 966 1189 1045 est3
1219 961 1306 1028 sieut

131 1071 162 1122 35
181 1061 235 1127 via
248 1061 457 1129 necessitatur
469 1082 490 1127 a
504 1061 647 1128 termino.
685 1059 792 1128 Genus
807 1059 987 1144 humanum,
1006 1061 1109 1126 solum
1123 1061 1304 1147 imperante

179 1163 367 1247 Monareha,
396 1162 446 1229 sui
474 1168 506 1229 et
532 1183 596 1229 non
617 1162 747 1230 alterius
769 1161 873 1243 gratia
896 1167 958 1246 est3
989 1167 1063 1228 tuna
1091 1162 1175 1230 enim
1198 1165 1304 1230 solam

179 1265 312 1350 politiae
334 1265 511 1346 diriguntur
532 1264 692 1348 obliquae,
716 1263 929 1331 democratiae
950 1264 1081 1349 scilieet,
1105 1264 1303 1347 oligarahiae

180 1372 276 1454 atque
298 1364 493 1453 tyrannides,
517 1387 599 1450 quae
615 1366 648 1431 in
670 1367 856 1433 servitutem
870 1372 986 1449 cogunt
1000 1384 1102 1448 genus
1116 1367 1303 1451 humanum,

180 1473 214 1532 ut
228 1474 318 1551 patet
332 1467 518 1535 discurrenti
532 1487 590 1552 per
604 1487 723 1552 omnes,
738 1474 769 1534 et
783 1468 950 1552 politizant
962 1486 1064 1552 reges,
1081 1468 1302 1552 aristocratiei,

130 1579 163 1630 to
182 1589 261 1652 quos
284 1570 452 1655 optimates
473 1575 605 1654 vocant,
634 1576 667 1635 et
687 1570 798 1655 populi
820 1569 977 1636 libertatis
999 1571 1164 1637 zelatores.
1208 1569 1303 1654 Quia,

181 1690 277 1754 quum
291 1671 465 1737 Monaroha
486 1670 625 1738 maximo
648 1671 761 1752 diligat
783 1670 936 1756 homines,
958 1671 1079 1737 utiam
1101 1675 1221 1736 tactum
1244 1678 1303 1756 est,

180 1772 249 1837 vult
271 1793 380 1839 omnes
402 1772 545 1841 homines
567 1774 668 1839 bonos
689 1772 772 1856 fieri,
799 1773 885 1856 quod
907 1793 977 1840 esse
999 1794 1064 1839 non
1083 1778 1196 1858 potest
1212 1772 1302 1857 apud

180 1873 310 1956 oblique
331 1873 542 1958 politizantes
587 1873 680 1942 Unde
701 1874 916 1960 Philosophus
937 1874 971 1939 in
993 1874 1058 1939 suis
1073 1873 1217 1941 Politiois
1240 1876 1301 1942 ait:

180 1974 274 2054 Quod
300 1975 334 2039 in
362 1975 475 2059 politia
503 1975 635 2057 obliqua
663 1978 764 2043 bonus
797 1977 892 2042 homo
922 1982 971 2041 est
1003 1977 1107 2040 malus
1142 1974 1236 2060 eivis3
1268 1977 1304 2041 in

130 2087 162 2136 45
181 2081 267 2142 reeta
294 2096 384 2160 vero,
416 2076 518 2142 bonus
550 2079 644 2144 homo
674 2084 705 2145 et
734 2076 813 2143 aivis
848 2079 950 2143 bonus
978 2082 1211 2143 convertuntur.
1261 2078 1304 2142 Et

180 2177 363 2244 huiusmodi
390 2176 522 2260 politiae
550 2182 657 2245 reatae
691 2179 872 2246 libertatem
903 2178 1085 2260 intendunt,
1119 2179 1241 2246 sailioet
1268 2185 1304 2245 ut

180 2277 323 2347 homines
345 2285 476 2364 propter
497 2298 531 2344 se
560 2278 631 2345 sint.
674 2280 748 2348 Non
769 2280 854 2348 enim
876 2281 962 2346 aives
987 2286 1116 2365 propter
1138 2279 1302 2365 Consules,

179 2400 239 2446 neo
259 2399 338 2463 gens
365 2388 496 2467 propter
525 2381 662 2464 Regem3
691 2382 749 2450 sed
771 2403 789 2449 e
812 2403 963 2450 converso
993 2383 1147 2449 Consules
1173 2389 1305 2467 propter

181 2481 281 2565 aives,
317 2489 350 2550 et
380 2483 451 2550 Rex
478 2487 609 2567 propter
638 2488 774 2565 gentem.
824 2484 908 2564 Quia
940 2483 1216 2566 quemadmodum*
1239 2478 1310 2550 non

130 2598 163 2648 50
181 2582 295 2668 politia
324 2584 367 2648 ad
395 2585 498 2666 leges,
527 2583 668 2666 quinimo
696 2585 786 2666 leges
811 2585 854 2650 ad
881 2586 1027 2670 politiam
1053 2592 1227 2669 ponuntur,
1258 2585 1304 2651 sie

182 2685 354 2750 seeundum
381 2687 486 2768 legem
514 2684 676 2769 viventes,
704 2707 768 2752 non
797 2686 840 2752 ad
868 2687 1085 2770 legislatorem
1108 2687 1302 2770 ordinantur,

181 2784 239 2851 sed
266 2786 369 2868 magis
397 2787 453 2853 ille
481 2787 525 2851 ad
545 2786 619 2871 hos,
648 2793 684 2851 ut
711 2788 807 2854 etiam
834 2789 1031 2872 Philosopbo
1058 2789 1165 2873 plaoet
1191 2789 1226 2853 in
1253 2788 1302 2872 iis,

181 2905 263 2971 qaae
293 2887 333 2954 de
355 2887 517 2973 praesenti
543 2887 677 2955 materia
703 2889 796 2956 nobis
818 2891 859 2956 ab
889 2910 926 2956 eo
955 2889 1068 2956 relicta
1096 2895 1176 2955 sunt.
1220 2889 1304 2956 Hino

207 3121 229 3153 ³¹
246 3121 286 3175 M.
301 3121 331 3175 P.
352 3121 470 3193 Propter
487 3121 562 3192 qaod
577 3122 715 3177 sciendam
795 3125 819 3157 ⁴³
836 3124 870 3177 H.
889 3141 904 3178 a
921 3126 1060 3181 contrario
1072 3132 1191 3197 propter
1208 3127 1256 3181 aiv.

249 3212 288 3259 est
793 3208 817 3241 ³³
835 3208 866 3261 F.
878 3209 912 3262 Η.
922 3208 960 3262 Μ.
974 3208 1003 3261 Ρ.
1014 3240 1046 3247 -
1057 3211 1090 3262 A.
1101 3209 1133 3262 L.
1143 3210 1176 3261 V.
1185 3217 1303 3282 proptor

207 3289 231 3322 ³³
248 3289 279 3343 P.
294 3289 716 3361 polptizaatar-Fpoliticaat
834 3294 915 3358 cives,
936 3293 999 3348 Rex
1012 3310 1058 3364 pr.
1076 3302 1183 3365 pentem

248 3404 280 3412 -
298 3373 331 3428 V.
345 3373 493 3445 policitam
794 3378 816 3410 ³⁰
833 3377 864 3432 P.
884 3379 963 3433 immo
982 3377 1055 3449 lepra

206 3459 230 3491 ⁴³
246 3458 279 3512 H.
297 3463 323 3512 et
335 3458 471 3529 propriae
488 3457 620 3514 libertatis
792 3463 812 3496 ³¹
832 3462 862 3516 P.
880 3462 1026 3518 secandam
1045 3463 1118 3532 lopas
1134 3464 1253 3518 viventes

264 3548 295 3597 F.
314 3544 343 3597 P.
364 3543 408 3598 lib.
426 3543 571 3598 relationes
674 3612 675 3615 Ἰ
792 3547 815 3580 33
832 3547 863 3601 F.
885 3547 919 3601 H.
943 3546 974 3599 L.
997 3546 1034 3599 M.
1059 3546 1089 3601 P.
1113 3547 1146 3601 V.
1164 3578 1198 3587 —
1216 3550 1249 3603 A.
1274 3554 1303 3602 at

206 3632 229 3662 ⁴¹
247 3631 280 3683 A.
299 3629 387 3700 asapia
403 3627 502 3699 dilipat
517 3627 638 3683 laminas
833 3631 934 3688 Plrilos.
947 3631 1043 3702 placet

206 3714 229 3747 ⁴³
247 3714 278 3767 F.
297 3713 331 3768 H.
348 3715 378 3765 L.
397 3713 428 3767 P.
446 3712 528 3768 baias
539 3713 656 3785 politiae
793 3716 815 3750 ³³
832 3717 869 3772 M.
888 3715 922 3771 ab
940 3731 972 3769 eo
989 3714 1077 3769 relata
1094 3723 1157 3770 sant

249 3933 272 3967 ³³
288 3932 321 3987 Id
347 3932 439 3988 estin
464 3934 652 3987 Aarsronnms
678 3933 831 4004 Metaphys.
859 3937 879 3989 l.
905 3939 930 3989 2.
967 3934 1102 3991 Translat.
1120 3941 1190 3991 ent:
1218 3938 1302 4005 „liber

179 4000 259 4056 homo
286 4002 397 4066 suimet,
427 4006 454 4055 et
479 4017 534 4055 non
556 4000 665 4056 alterius
691 4018 775 4056 eausa
799 4007 866 4057 est“.
937 4003 960 4036 33
977 4004 1164 4072 ‚,palitizant“,
1191 4007 1300 4062 verbam

180 4069 340 4134 barbarum,
364 4068 480 4171 mihique
498 4084 607 4135 novum,
639 4085 690 4137 quo
716 4086 847 4139 „regnare
870 4076 897 4124 et
921 4070 1023 4125 civitati
1050 4077 1194 4142 praeesse“
1219 4074 1299 4143 signi·

179 4135 257 4258 fitcalld
272 4143 347 4206 puto.
417 4138 427 4169 3
457 4137 506 4190 III.
525 4143 548 4191 5.
567 4138 600 4203 (i)
670 4138 692 4170 ³³
709 4137 742 4192 E.
774 4155 813 4207 gr.
840 4140 1033 4194 Amsronnnns
1068 4139 1171 4196 Politia.
1204 4143 1251 4197 ΠΙ.
1275 4148 1298 4195 t.

180 4220 194 4258 e
260 4245 265 4256 .
