2896 4876
511 316 795 376 PROLEGOMENA.
1139 323 1217 379 XLV

87 495 297 593 legimus,4⁵)
332 519 369 567 ea
395 497 500 567 virum
528 495 688 591 produnt,
720 497 792 592 qui,
826 497 986 568 maturius
1013 499 1216 592 examinatis,

85 649 170 721 quae
204 625 239 695 iu
275 634 445 719 utramque
478 631 603 718 partem
632 633 771 714 certant,
806 624 912 716 gentis
940 649 1034 716 suae,
1068 641 1100 697 et
1133 652 1215 724 quos
1269 630 1270 633 ’

85 752 202 823 babuit
229 761 496 847 praeceptorum,
521 750 706 821 tralatitiam
726 752 921 822 sententiam
942 751 1101 848 deposuit,
1129 755 1215 851 quod

85 880 123 950 in
150 878 329 951 admodum
358 876 477 973 juvene
505 879 557 949 vix
589 877 853 975 supponendum.
906 878 970 950 Sed
1009 893 1040 952 et
1074 882 1107 952 in
1142 883 1215 978 ipso

86 1006 197 1103 operis
224 1006 337 1077 limine
364 1030 398 1077 se
424 1005 582 1101 „publicis
602 1005 807 1077 documentis
834 1005 1019 1078 imbutum“
1044 1032 1115 1080 esse
1141 1034 1216 1106 pro·

85 1134 198 1206 fitetur
225 1142 353 1224 auctor,
380 1133 465 1230 quod
500 1133 527 1204 is
562 1134 695 1206 demum
730 1132 769 1203 de
804 1156 839 1203 se
875 1132 982 1204 dicere
1010 1145 1132 1230 potest,
1159 1136 1215 1232 qui

87 1284 245 1332 curarum
273 1259 480 1355 Reipublicae
515 1259 791 1331 administrandae
826 1261 889 1332 iam
923 1262 1084 1359 particeps
1111 1264 1215 1336 factus

85 1399 148 1460 est.
202 1387 311 1460 Prima
337 1411 413 1458 vero
440 1386 574 1480 vestigia
608 1387 709 1457 nostri
744 1388 776 1458 in
811 1388 950 1484 publicis
983 1393 1103 1485 patriae
1137 1406 1215 1462 suae

86 1517 230 1611 negotiis
264 1516 422 1587 versantis
456 1513 613 1612 praebent
645 1524 736 1609 gesta
763 1514 898 1588 Consilii
925 1516 1214 1591 Centumvirorum

85 1645 149 1717 sub
168 1645 220 1715 die
238 1643 276 1713 V.
298 1666 402 1714 mens.
429 1642 513 1714 lunii
536 1642 643 1714 1296.
688 1642 844 1713 Triennio
869 1650 947 1739 post
969 1641 1015 1743 (d.
1031 1644 1112 1717 Vlll.
1129 1643 1216 1744 lllaji)

85 1771 237 1865 fungitur
272 1771 431 1866 legatione
467 1770 507 1841 ad
536 1768 754 1840 Communem
793 1769 904 1842 Sancti
933 1770 1127 1845 Geminiani.
1178 1773 1215 1845 ln

86 1898 148 1968 hos
183 1898 283 1991 igitur
316 1922 420 1969 annos
453 1898 724 1994 compositionem
759 1898 919 1970 librorum
954 1899 994 1971 de
1028 1898 1216 1973 Monarcbia

85 2025 202 2096 cadere
230 2023 434 2118 conjicimus.

191 2149 274 2222 Cum
303 2151 363 2222 bac
391 2161 501 2223 nostra
524 2149 709 2245 conjectura
737 2153 873 2225 mirifice
892 2155 1100 2245 conveniunt,
1125 2180 1217 2253 quaa,

84 2280 185 2372 longe
212 2278 307 2349 aliam
333 2279 588 2372 investigationis
606 2280 690 2350 riam
709 2280 888 2374 ingressus,
913 2279 952 2350 de
978 2282 1094 2352 eodem
1122 2307 1218 2377 argu·

86 2413 200 2475 mento
236 2405 348 2476 statuit
379 2405 645 2498 uonnnnaosrr)
689 2407 766 2478 olim
811 2405 1098 2500 conjunctissimus
1137 2410 1216 2481 mihi

86 2531 229 2624 collega,
264 2557 346 2632 quo,
379 2534 632 2628 Argentoratum
661 2534 817 2624 abeunte,
851 2558 903 2606 me
939 2534 1108 2630 studiaque
1144 2559 1216 2606 mea

85 2659 209 2756 privata
228 2659 542 2757 esse,gvebementer
561 2660 666 2731 doleo.
711 2661 833 2732 Ultimo
861 2660 948 2731 enim
978 2663 1084 2757 operis
1113 2663 1216 2758 capite
1295 2666 1297 2671 ’

86 2786 129 2856 de
162 2785 368 2858 Electoribus
403 2787 503 2877 dicta,
538 2797 676 2883 quatuor
708 2787 874 2859 Electores
909 2788 1001 2861 initio
1039 2789 1136 2863 1298
1176 2789 1215 2862 de

85 2914 241 3010 Adolpbo
257 2914 474 3004 Nassoviensi,
493 2913 653 3011 Imperiali
673 2915 829 3010 dignitate
854 2916 1010 3012 privando
1036 2918 1217 3012 cogitantes

85 3051 253 3137 spectare,
287 3041 404 3133 integri
431 3065 507 3112 vero
541 3042 615 3113 libri
650 3044 855 3114 occasionem
889 3043 923 3114 in
958 3044 1087 3142 repulsa
1121 3069 1217 3141 quae-

159 3292 189 3356 45)
207 3289 424 3357 „Admirabar
437 3290 563 3358 equidem
579 3291 783 3360 aliquando,
802 3294 956 3348 Romanum
965 3296 1097 3364 populum
1106 3295 1133 3348 in
1144 3295 1217 3351 Orbe

85 3383 358 3439 terrarumsineulla
373 3383 527 3438 resistentia
544 3383 630 3438 fuisse
643 3386 824 3454 praefectum
844 3401 927 3455 quum
946 3391 1080 3441 tantum
1098 3403 1217 3455 super-

89 3477 265 3533 ficialiter
292 3477 451 3539 intuens,
480 3476 554 3530 illum
582 3477 657 3532 nullo
681 3479 759 3548 jure,
786 3481 837 3534 sed
862 3496 998 3534 armorum
1025 3481 1217 3536 tantummodo

89 3571 235 3637 violentia,
260 3570 412 3626 obtinuisse
436 3571 647 3626 arbitrabar.
687 3572 742 3627 Sed
767 3577 914 3642 postquam
939 3572 1096 3627 medullitus
1120 3574 1217 3629 oculos

87 3665 190 3720 mentis
207 3659 292 3726 infixi,
309 3668 337 3718 et
354 3678 404 3731 per
423 3658 612 3718 efficacissima
630 3665 705 3733 signa
714 3666 841 3721 Divinam
859 3666 1058 3735 providentiam
1076 3667 1129 3720 hoc
1147 3667 1217 3721 effe-

88 3760 162 3814 cisse
171 3758 299 3825 cognovi,
308 3757 486 3811 admiratione
495 3757 619 3826 cedente,
630 3757 747 3813 derisiva
756 3760 889 3828 quaedam
900 3759 1057 3827 supervenit
1066 3760 1217 3827 despectio,

88 3866 174 3920 quum
197 3855 294 3917 gentes
312 3849 434 3904 noverim
453 3854 548 3904 eontra
561 3850 679 3904 Romani
696 3852 792 3919 populi
809 3853 1049 3920 praeeminentiam
1063 3851 1216 3917 fremuisse,

88 3961 175 4014 quum
193 3944 301 3998 videam
319 3944 438 4011 populos
455 3951 526 3998 rana
543 3945 721 4012 meditantes,
741 3950 777 3999 ut
795 3945 873 4013 ipse
892 3945 1060 4008 solebam,
1077 3947 1171 4014 Reges
1188 3950 1218 4001 et

87 4038 232 4105 Principes
249 4036 277 4089 in
295 4037 348 4091 hoc
359 4039 426 4092 vitio
441 4039 648 4102 concordantes,
657 4044 689 4092 ut
701 4040 882 4094 adversentur
892 4037 1009 4094 Domino
1019 4053 1078 4102 suo,
1089 4043 1116 4093 et
1135 4038 1216 4096 unico

87 4146 140 4185 suo
158 4131 285 4185 Romano
301 4129 446 4198 Principi.“

174 4226 207 4289 ⁴⁶)
225 4223 258 4276 In
276 4224 409 4290 opusculo
426 4239 509 4291 sopra
526 4224 647 4280 laudato,
