2896 4876
518 330 806 387 eaenuaounun.
1011 303 1015 317 '
1143 332 1222 413 xxa

99 519 212 580 tamen
246 510 373 600 inveni,
414 510 469 605 qui
504 519 568 581 tam
604 509 665 580 late
700 531 771 579 rem
805 507 1001 604 exposuerit,
1041 519 1078 581 ut
1109 517 1223 581 auctor

99 647 215 708 nostor
249 634 320 731 ejus
355 662 438 732 opus
471 638 511 708 ad
546 637 761 708 refellendum
796 635 856 707 sibi
884 636 1038 731 selegisse
1065 635 1223 708 dicendus

99 766 153 837 sit.
207 764 373 836 Habemus
408 765 539 860 quidem
576 765 661 836 inter
696 787 793 860 opera
828 763 858 834 b.
879 763 1026 835 ‹Tnounu
1052 763 1155 836 libros
1182 763 1222 834 de

98 893 276 988 Regimine
304 893 502 989 principum,
529 893 583 989 qui
602 891 814 964 Pontificibus
832 890 990 963 Romanis
1016 892 1084 963 lere
1112 892 1224 963 omnia

100 1020 271 1117 quaesibi
300 1019 506 1092 vindicabant
527 1019 602 1114 jura
636 1019 764 1109 tribuit;
799 1019 860 1090 bos
893 1029 1002 1090 tamen
1038 1018 1153 1110 libros,
1184 1044 1223 1091 ea

100 1159 189 1220 certe
216 1149 322 1220 forma
350 1171 412 1245 qua
441 1171 528 1219 rrunc
556 1148 720 1242 leguntur,
746 1146 916 1243 Aquinatis
933 1170 1004 1217 esse
1025 1169 1090 1218 non
1117 1170 1224 1242 posse,

99 1277 217 1372 probat
249 1276 340 1347 locus
366 1274 418 1346 ΙΙΙ.
448 1276 514 1367 20,
548 1275 602 1371 qui
629 1298 774 1371 pugnam
803 1273 1079 1348 Gbllbeimensem
1115 1285 1148 1346 et
1173 1298 1224 1345 ra·

98 1404 297 1476 electionem
317 1403 441 1475 Alberti
460 1403 623 1475 Austriaci
649 1408 788 1492 enarrat,
807 1405 889 1473 lacta
916 1426 998 1498 quae
1018 1426 1083 1473 non
1112 1402 1222 1473 minus

99 1555 199 1628 quam
236 1530 460 1626 septendecim
494 1554 599 1602 annos
634 1540 708 1627 post
741 1529 866 1602 obitum
895 1526 1047 1601 [lectoris
1075 1529 1222 1626 Angelici

9 1753 12 1762 .
98 1658 347 1755 evenerunt.²⁰)
380 1657 529 1729 Praetura
549 1658 671 1730 nullam
692 1657 829 1730 omnino
848 1657 1038 1728 relationem
1058 1658 1144 1728 inter
1163 1658 1224 1730 boo

98 1811 186 1883 opus
212 1795 244 1857 et
270 1785 385 1856 Daulis
412 1784 634 1858 Monarchiam
664 1783 907 1882 deprehendere
935 1785 1015 1856 mibi
1043 1785 1190 1881 contigit.

205 1913 311 1985 Etiam
347 1938 385 1984 ex
408 1914 506 1985 altera
540 1924 631 2011 parte
658 1924 764 1985 tantae
783 1890 1000 2006 summorum
1027 1911 1221 1987 Pontificum

98 2041 272 2114 ambitioni
318 2041 483 2113 multoties
522 2041 759 2113 contradictum
802 2051 870 2133 est,
913 2050 979 2112 tam
1012 2040 1051 2112 ab
1080 2040 1223 2137 lmpara·

98 2169 238 2259 toribus,
264 2168 533 2267 Principibusque
559 2170 648 2266 ipsis,
676 2170 780 2265 iisque
799 2168 853 2264 qui
882 2192 1012 2240 oausam
1039 2191 1154 2242 eorum
1182 2169 1222 2244 ad

98 2296 346 2369 defendendum
363 2308 584 2393 susceperant,
602 2307 667 2369 tam
682 2297 723 2368 ab
741 2296 811 2367 aliis
830 2320 888 2367 sua
906 2307 1020 2392 sponte
1040 2298 1072 2367 in
1089 2321 1221 2368 arenam

100 2423 200 2517 bujus
228 2424 321 2519 litigii
350 2412 635 2496 descendentibus.
680 2424 768 2496 inter
795 2447 877 2520 quos
903 2422 1069 2495 Jonuunas
1097 2422 1222 2496 Tauno·

99 2578 193 2624 sicus
228 2551 380 2646 (Sanum
415 2552 499 2623 circa
531 2552 638 2644 1240)
675 2551 837 2623 notandus
872 2575 943 2622 esse
976 2550 1119 2641 videtur,
1158 2550 1223 2646 qui,

100 2680 249 2776 quamvis
284 2677 475 2750 innocentio
510 2678 562 2750 lll.
589 2679 805 2751 familiaritate
845 2677 996 2772 junctus,
1041 2656 1219 2750 tamenin

99 2807 219 2900 glossa,
247 2830 342 2903 quam
371 2806 410 2877 ad
439 2804 585 2879 Gratiani
603 2805 777 2879 Decretum
807 2806 1001 2903 composuit,
1028 2829 1093 2876 non
1121 2807 1222 2877 semel

99 2934 335 3031 Imperatorem
372 2934 512 3024 nemini,
545 2959 586 3005 ne
619 2934 723 3030 Papae
750 2935 893 3030 quidem,
930 2957 1000 3005 esse
1035 2933 1224 3026 obnoxium,

98 3064 278 3153 asserit2¹l
332 3044 523 3134 Uberiorem
559 3085 632 3132 vero
667 3062 706 3133 de
735 3063 796 3132 boc
823 3073 1016 3157 argumento
1044 3073 1225 3156 tractatum,

188 3305 217 3370 ²²)
235 3305 347 3359 Runms
365 3305 407 3358 De
425 3305 511 3373 gestis
529 3311 558 3360 et
575 3305 684 3375 seriptis
701 3305 727 3360 S.
746 3305 867 3361 Thomae
881 3306 950 3362 Van.
971 3312 1045 3360 1751.
1062 3323 1089 3376 p.
1108 3311 1166 3362 231.
1184 3322 1222 3376 eq.

98 3397 235 3464 Aquinati
253 3397 313 3452 libr.
323 3397 343 3450 1.
355 3403 383 3451 et
392 3398 425 3451 11.
438 3403 511 3465 1-4,
529 3397 732 3454 Ptolemaeo
750 3400 893 3454 bucensi
911 3399 1225 3470 tuamquenttaoapita

97 3490 205 3561 reliqua
222 3506 287 3554 vero
305 3506 443 3562 anonymo
461 3491 563 3547 tribuit.

187 3585 216 3648 ²¹)
236 3585 335 3639 Glosea
346 3585 516 3650 „Discrevit‘
534 3586 569 3640 ad
579 3601 637 3641 oan.
649 3590 673 3641 6.
692 3586 868 3641 Dist.XGVI.
888 3587 991 3650 „Immo
1003 3590 1110 3644 videtur
1120 3593 1224 3656 eontra,

99 3677 177 3745 quod
196 3694 251 3731 non
270 3677 407 3745 discrevit,
425 3679 473 3733 sed
493 3678 630 3747 confudit,
649 3696 733 3750 quum
751 3681 814 3749 Ipse
832 3697 903 3735 uuus
921 3686 949 3736 et
967 3681 1054 3748 idem,
1077 3687 1223 3750 utrumque

100 3765 224 3824 officium
234 3771 321 3839 gessit
330 3787 379 3840 par
389 3787 428 3834 se,
446 3777 603 3836 utnotaret,
621 3773 740 3844 quodex
751 3774 848 3829 eodem
867 3774 944 3829 fonte
961 3781 1221 3842 processerunt...·

99 3864 171 3918 Nam
192 3864 258 3917 dicit
276 3866 346 3930 Lex,
374 3865 449 3935 quod
468 3882 573 3922 summa
591 3867 671 3922 nobis
689 3867 763 3922 bona
786 3883 802 3922 a
820 3868 880 3922 Deo
905 3883 1037 3924 concessa
1059 3874 1137 3932 sunt,
1164 3868 1221 3922 soil.

98 3958 289 4012 Sacerdotium
317 3964 345 4012 et
363 3959 507 4028 Imperium
515 3960 604 4024 ,lNou
615 3961 760 4016 iustiniani
779 3965 804 4029 6,
826 3961 969 4028 Prooem.).
1000 3962 1107 4016 Rursus
1115 3960 1222 4016 Primus

99 4065 151 4120 per
177 4052 334 4121 superbiam
361 4053 475 4120 cecidit,
510 4054 582 4108 uude
608 4055 732 4110 homines
758 4055 786 4109 in
811 4053 949 4109 Internum
977 4055 1223 4124 demergebantur;

98 4145 227 4205 Christus
251 4150 341 4200 autem
366 4163 417 4210 nos
440 4148 590 4202 humilitate
615 4164 664 4202 sua
687 4164 794 4203 sursum
819 4147 913 4203 erexit.
960 4147 1015 4210 Sed
1039 4149 1061 4203 si
1091 4148 1223 4207 baberent

98 4247 196 4294 omnes
216 4240 308 4293 omnia
325 4233 424 4307 officia,
444 4241 625 4310 superbirent,
642 4242 681 4295 ita
699 4243 774 4311 quod
791 4241 888 4296 iterum
906 4241 1130 4310 demergerentur
1137 4242 1165 4296 iu
1174 4241 1223 4296 In-
