2896 4876
201 314 323 384 xxxrv‘
637 330 922 386 ruoxneonnxa.
992 364 994 367 -

253 505 389 600 privare,
415 506 441 576 si
462 505 628 599 ‘contingat
654 529 709 577 eos
729 506 904 577 soresaoere
924 560 1045 578 .....
1066 506 1125 577 Est
1142 506 1320 579 dicendum

253 633 442 729 temporatia
469 657 540 704 esse
567 632 803 728 Imperatorum
823 644 979 728 qnantum
1008 633 1045 703 ad
1076 658 1171 704 usum
1199 645 1230 705 et
1249 660 1322 706 exe·

253 761 435 850 ontionem,
468 784 534 830 non
562 771 720 856 quantum
748 761 786 831 ad
816 760 1030 831 universatem
1059 760 1320 834 dominationem

254 897 283 957 et
313 887 629 958 transmutationem.
686 887 742 958 Dei
771 887 859 958 enim
888 888 1006 978 soiius,
1040 897 1072 957 et
1101 888 1215 959 Viearii
1242 888 1321 962 Jesu

254 1013 373 1086 Christi
392 1024 440 1085 est
457 1014 520 1085 tale
536 1014 730 1104 dominium,
749 1015 820 1110 quia
840 1015 878 1085 ad
893 1039 967 1085 eum
981 1028 1112 1110 spectat,
1131 1016 1334 1112 temporatia

252 1153 354 1214 terrae
381 1150 599 1213 transmutare
628 1151 659 1211 et
685 1142 870 1212 ordinare.“

490 1338 577 1394 AUG.
595 1339 653 1394 TR.
671 1340 691 1393 Ι.
711 1346 733 1393 t.
752 1340 795 1404 (D.
814 1341 897 1395 MON.
914 1341 962 1394 III.
986 1347 1032 1403 15.)

249 1464 419 1554 „Christus
454 1486 520 1533 non
558 1463 653 1534 dixit:
687 1486 827 1557 regnum
858 1489 967 1535 meum
1005 1489 1070 1535 non
1104 1475 1153 1534 est
1189 1465 1229 1534 in
1258 1465 1321 1537 hoo

251 1591 386 1680 mundo,
415 1591 487 1686 quia
515 1591 548 1661 iu
578 1591 639 1661 hoo
667 1590 791 1661 mundo
823 1601 855 1661 et
881 1592 913 1661 in
943 1592 1051 1663 saturo
1079 1599 1193 1685 regnat
1219 1617 1322 1688 super

252 1718 363 1789 iideies
392 1742 487 1806 suos;
515 1718 570 1789 sed
607 1717 700 1788 dixit:
729 1742 795 1788 non
832 1729 880 1789 est
907 1720 953 1789 de
983 1720 1042 1789 hoo
1070 1719 1212 1810 mundo,
1245 1721 1320 1815 quia

249 1846 288 1916 de
317 1846 379 1916 hoe
408 1845 533 1916 mundo
552 1856 601 1916 est
627 1844 782 1940 quidquid
804 1846 929 1916 homini
956 1858 1006 1917 est
1031 1846 1135 1917 aDeo
1164 1858 1321 1938 creatum,

250 1982 319 2044 eta
347 1973 452 2043 vitiato
480 1973 579 2068 stirpe
599 1972 686 2042 Adae
712 1983 915 2065 generatum.
955 1973 1020 2043 Sed
1044 1970 1112 2066 jam
1131 1974 1252 2045 factum
1271 1986 1321 2047 est

250 2123 392 2194 regnum
417 2124 497 2170 non
533 2100 573 2170 de
601 2099 663 2169 hoo
690 2099 814 2169 mundo
851 2100 1006 2194 quidquid
1034 2100 1072 2170 de
1110 2101 1188 2196 ipsis
1215 2102 1321 2174 homi·

250 2228 345 2298 nibus
383 2251 440 2323 per
477 2228 583 2322 ipsum
613 2225 778 2298 Christum
814 2239 1042 2321 regeneratum
1085 2239 1149 2318 est,
1193 2228 1320 2300 dicente

249 2356 404 2450 Apostoto
448 2353 593 2449 ‘Eripuit
636 2377 695 2424 nos
739 2354 778 2424 de
822 2364 978 2450 potestate
1023 2354 1248 2447 tenebrarum,
1289 2366 1321 2428 et

248 2482 412 2554 transtulit
446 2505 505 2552 nos
540 2482 572 2551 in
600 2504 738 2574 regnum
766 2481 822 2552 sdii
851 2481 990 2551 caritatis
1023 2481 1122 2552 suae’
1152 2538 1159 2551 .
1189 2538 1196 2552 .
1226 2539 1234 2554 .
1261 2485 1321 2557 Vel

248 2621 355 2705 potest
373 2610 446 2700 diei,
471 2608 556 2704 quod
575 2631 716 2701 regnum
731 2606 850 2679 Christi
868 2632 932 2680 non
961 2607 1021 2679 snit
1039 2608 1077 2680 de
1105 2610 1166 2682 hoe
1186 2612 1321 2704 mundo,

248 2739 321 2833 quia
349 2761 415 2808 non
444 2736 504 2807 fuit
522 2735 620 2806 modo
641 2737 816 2827 mundano,
840 2737 1004 2832 quomodo
1032 2747 1109 2808 sunt
1135 2737 1187 2809 olii
1215 2762 1321 2832 reges

248 2866 302 2960 qui
340 2888 379 2934 ex
422 2862 613 2933 tortitudine
656 2863 883 2934 ministrorum
928 2864 1090 2959 accipiunt
1126 2875 1318 2960 potestatem

248 2991 423 3085 regnandi3
457 2991 526 3085 ipse
558 3002 685 3081 autem,
720 2990 886 3083 regnaudo
923 3014 1142 3085 supersues,
1170 2992 1229 3062 sibi
1257 2993 1320 3088 ipsi

249 3119 425 3208 sufficiens
455 3117 542 3187 nullo
570 3117 631 3186 aiio
658 3116 856 3187 adminiculo
883 3116 1065 3210 indigens.“

426 3313 513 3368 nuo.
532 3313 590 3369 ra.
608 3313 735 3368 xxxvl.
754 3319 778 3368 a.
804 3315 846 3378 (o.
864 3313 952 3370 Mox.
972 3316 1019 3370 m.
1040 3319 1089 3382 re)

246 3437 442 3540 „Quidquid
478 3437 575 3508 suerit
608 3437 647 3508 de
680 3437 933 3533 imperatoribus
966 3439 1156 3535 praeteritis,
1192 3439 1321 3509 moder·

248 3591 366 3637 norum
400 3576 508 3636 tamen
542 3564 779 3661 Imperatorum
814 3566 928 3636 eteotio
966 3568 1098 3662 planum
1133 3574 1198 3655 est,
1232 3567 1319 3661 quod

247 3695 387 3790 pertinet
412 3693 452 3764 ad
479 3717 647 3764 summum
675 3692 876 3784 Pontificem,
903 3694 952 3764 vel
979 3718 1036 3789 per
1063 3717 1097 3763 se
1125 3692 1244 3787 ipsum,
1270 3693 1319 3763 vei

247 3846 305 3918 per
323 3821 498 3912 EiectoreS,
525 3846 607 3917 quos
633 3821 701 3916 ipse
728 3844 879 3891 summus
905 3820 1053 3891 Pontifex
1080 3820 1270 3891 ordinavit.“

195 3947 348 4020 xxxvtt.
377 3949 410 4019 4.
440 3951 490 4041 (ex
516 3947 675 4020 Decretati
700 3946 882 4017 lnnocentii
909 3946 959 4018 tlt.
987 3946 1064 4043 Cap.
1093 3947 1152 4018 34.
1188 3947 1244 4017 Χ.·
1271 3946 1320 4018 De

246 4075 413 4147 Electione
447 4076 472 4146 l.
508 4077 555 4168 6.)
607 4074 699 4168 „tttis
732 4073 937 4168 Principibus
973 4073 1027 4168 jus
1061 4090 1093 4146 et
1126 4083 1320 4171 potestatem

246 4202 386 4296 eligendi
420 4201 561 4297 Regem,
596 4204 628 4273 in
662 4201 894 4297 Imperatorem
938 4202 1147 4296 postmodum
1187 4226 1321 4297 promo=
1423 4248 1428 4259 ·
