2910 4876
241 288 375 343 nnurrs
394 289 613 345 nouandum
630 292 679 348 111.
697 293 727 349 c.
749 298 788 347 15.
808 297 871 360 (14.)
893 299 929 350 ro,
949 299 1010 362 (ιε.)
1125 292 1184 356 135

66 459 161 543 hujus
183 480 290 525 curam
304 482 368 528 non
384 463 532 530 habebat.
569 464 665 530 Velut
687 465 714 530 si
733 486 863 532 aureum
878 467 1018 550 sigillum
1040 470 1184 550 loquere-

64 565 123 644 tur,
148 562 188 629 dc
210 583 244 630 se
267 564 390 630 dicens:
412 567 485 631 Non
507 585 577 631 sum
592 587 739 632 mensura
761 568 794 632 in
812 567 920 649 aliquo
942 587 1073 654 genere3
1099 571 1184 653 quod

64 664 194 744 quidem
224 666 341 731 dictum
368 688 431 732 non
459 667 557 733 habet
585 669 704 751 locum,
740 668 773 732 in
803 673 955 751 quantum
984 676 1033 738 θεῖ
1062 692 1182 755 aurum,

63 785 161 848 quum
183 767 225 831 sit
247 773 380 834 metrum
402 768 436 833 in
457 787 573 850 genere
589 760 802 852 metallorum,
826 770 938 837 sedin
960 781 1112 853 quantum
1135 776 1184 840 est

63 868 225 950 quoddam
247 870 372 952 signum
395 872 581 956 receptibile
601 893 660 957 per
680 872 929 955 impressionem.
1202 881 1234 933 30

148 970 294 1036 Formale
323 972 420 1053 igitur
448 978 496 1038 est
525 973 704 1056 Ecclesiae,
732 972 814 1038 illud
841 973 928 1038 idem
951 972 1072 1059 dicere,
1100 974 1183 1042 illud

61 1071 149 1138 idem
171 1074 296 1139 sentire.
341 1072 531 1157 Oppositum
554 1082 660 1142 autem
684 1075 789 1142 dicere
811 1077 864 1141 vel
895 1076 1029 1160 sentire,
1060 1082 1181 1143 contra-

63 1175 143 1239 rium
164 1175 294 1258 formae,
316 1182 352 1240 ut
372 1181 470 1261 patet,
492 1177 561 1241 sire
575 1183 717 1260 naturae,
741 1177 827 1260 quod
849 1177 936 1243 idem
952 1183 1008 1244 est.
1047 1179 1096 1242 Ex
1120 1199 1181 1261 quo

62 1275 237 1359 colligitur,
269 1276 355 1358 quod
376 1278 476 1344 virtus
505 1280 721 1346 auctorizandi
743 1297 874 1360 regnum
897 1279 973 1363 hoc,
1002 1280 1044 1344 sit
1073 1286 1182 1346 contra

62 1382 208 1441 naturam
229 1377 409 1446 Ecclesiae:
438 1382 645 1448 contrarietas
676 1382 759 1449 enim
781 1381 814 1445 in
836 1382 986 1466 opinione
1008 1383 1061 1448 vel
1085 1381 1179 1466 dicto,
1199 1391 1231 1441 35

61 1479 203 1560 sequitur
225 1500 266 1545 ex
289 1482 511 1549 contrarietate
540 1503 622 1565 quae
653 1488 702 1550 est
730 1483 762 1546 in
793 1503 827 1547 rc
851 1482 936 1548 dicta
958 1484 1011 1549 vel
1034 1484 1179 1568 opinata,

61 1580 142 1645 sicut
165 1601 274 1646 verum
297 1589 329 1647 et
350 1584 466 1648 falsum
488 1586 529 1650 ab
552 1606 624 1651 esse
642 1585 697 1667 rei,
721 1585 773 1650 vel
796 1605 859 1650 non
881 1605 961 1670 esse,
985 1585 1018 1649 in
1039 1586 1181 1652 oratione

63 1688 224 1767 causatur,
259 1688 294 1748 ut
326 1683 469 1749 doctrina
502 1686 836 1752 Praedicamentorum
869 1707 927 1753 nos
956 1686 1057 1754 docet.
1111 1686 1179 1753 Suf-

60 1783 203 1873 ficienter
223 1785 320 1866 igitur
341 1805 399 1870 per
420 1792 605 1868 argumenta
627 1788 806 1872 superiora,
839 1788 983 1855 ducendo
1009 1788 1052 1852 ad
1073 1789 1179 1857 incon-

60 1888 206 1970 veniens,
245 1888 414 1970 probatum
447 1892 495 1953 est
534 1889 755 1956 auctoritatem
792 1890 926 1975 Imperii*
957 1891 999 1956 ab
1036 1891 1180 1958 Ecclesia
1199 1900 1231 1950 uo

59 1988 188 2053 minime
211 1987 400 2071 dependere.
1113 2008 1116 2012 “

448 2164 570 2238 [carum
591 2179 662 2226 xrr.
686 2157 790 2246 (xv.)]

144 2293 234 2358 Licet
256 2295 288 2358 in
310 2294 513 2379 praecedenti
529 2295 686 2379 Capitulo,
711 2296 856 2363 ducendo
878 2297 921 2361 ad
942 2296 1177 2380 inconveniens,

58 2400 222 2460 ostensum
256 2396 311 2478 sit,
349 2396 569 2462 auctoritatem
601 2397 731 2480 Imperii
763 2399 804 2463 ab
842 2398 1030 2464 auctoritate
1064 2399 1179 2463 summi

58 2497 220 2563 Pontificis
249 2519 312 2564 non
341 2497 478 2581 causari,
512 2518 576 2563 non
612 2504 719 2563 tamen
755 2499 880 2565 omnino
920 2499 1088 2582 probatum
1120 2505 1177 2582 est,

58 2598 162 2682 ipsam
183 2599 366 2665 immediate
390 2600 570 2685 dependere
593 2621 613 2664 a
635 2601 724 2683 Deo,
747 2601 808 2665 nisi
831 2622 878 2667 ex
900 2601 1176 2682 consequenti.

59 2700 263 2782 Consequens
286 2702 369 2768 enno
392 2707 454 2785 est,
478 2702 506 2767 si
528 2703 661 2788 abipso
684 2702 747 2767 Dei
776 2702 895 2767 vicario
920 2723 984 2768 non
1007 2702 1175 2788 dependet,
1195 2717 1209 2765 5

59 2803 144 2883 quod
166 2824 186 2867 a
207 2805 278 2868 Deo
302 2801 493 2887 dependeat.
537 2804 579 2868 Et
599 2803 689 2887 ideo,
719 2803 760 2868 ad
789 2805 963 2887 perfectam
986 2803 1175 2869 determina-

55 2905 176 2970 tionem
197 2905 367 2989 propositi,
391 2905 602 2970 ostensive
624 2904 824 2990 probandum
848 2911 910 2987 cst,
937 2905 1175 2988 Imperatorem,

56 3007 125 3072 sire
149 3006 257 3071 mundi
279 3007 499 3089 Monarcham,
524 3006 706 3072 immediate
729 3026 764 3072 se
787 3008 907 3073 habere
929 3006 973 3071 ad
994 3006 1176 3092 Principem

56 3108 211 3191 universi,
236 3108 290 3190 qui
311 3108 400 3172 Deus
423 3112 479 3173 est.

83 3294 105 3326 ²⁷
123 3293 154 3346 F.
173 3292 206 3346 dc
223 3309 252 3346 sc
270 3294 329 3362 ipso
347 3292 439 3346 diceus
669 3294 693 3326 ³⁹
709 3294 741 3346 F.
761 3292 939 3363 Sufficierrter
957 3309 1023 3363 erpo

84 3380 116 3445 2⁷,
127 3379 150 3410 ²⁸
159 3379 189 3431 P.
209 3393 308 3448 putrere
317 3376 366 3430 scd
382 3375 514 3446 quicqro'd
526 3376 589 3431 dict.
625 3394 627 3397 ’
727 3378 806 3431 Hm.
818 3377 930 3432 diceudo
941 3377 978 3431 ncl
986 3378 1176 3432 disconveniens

81 3464 105 3497 ²⁸
122 3463 155 3516 A.
174 3461 207 3514 V.
226 3462 253 3515 lo
272 3466 403 3531 quonium
421 3467 461 3514 est
478 3477 589 3515 citream
643 3461 707 3533 Cap.
725 3463 797 3516 XVI.
834 3462 893 3515 2F.
915 3468 1049 3514 ostensam
1066 3462 1124 3531 salt

83 3548 107 3580 ²⁹
124 3547 156 3600 V.
175 3563 234 3601 cura
253 3547 287 3599 sit
304 3547 420 3600 aliatum
446 3546 473 3598 io
491 3562 591 3615 perteue
686 3551 696 3581 ⁵
712 3547 841 3606 F.>Cons.
858 3547 928 3598 carim
946 3551 993 3609 est,
1014 3545 1088 3615 quod
1104 3547 1131 3599 si

82 3633 104 3666 ³¹
123 3632 155 3685 F.
174 3631 302 3685 Formole
319 3647 385 3699 erqo
403 3637 443 3683 est
684 3631 887 3685 6Ιῖθθθιιῖίοῖθε
905 3629 973 3684 male
991 3629 1066 3698 quod
1082 3647 1099 3683 a
1117 3629 1174 3685 Bao

81 3718 106 3750 ³⁸
123 3717 157 3771 V.
176 3733 247 3786 quac
263 3717 387 3785 seqnitur
399 3715 442 3769 uel
457 3723 498 3769 est
514 3716 541 3770 iu
559 3732 590 3769 re
708 3714 844 3784 dependat

123 3801 196 3857 dicta
725 3799 762 3851 M.
780 3799 817 3852 nd
835 3799 991 3870 perfectum
1009 3798 1175 3852 demonstra·

81 3887 104 3919 ³⁷
122 3887 158 3939 M.
178 3888 248 3940 siccet
265 3900 356 3938 oerum
375 3884 417 3938 uel
432 3883 534 3953 frrlsron
709 3885 806 3937 tlorrem
819 3884 961 3954 propositi

123 4057 146 4088 ³⁷
166 4054 258 4108 Oratio
278 4054 408 4122 quaedam
425 4053 467 4108 rel
479 4053 629 4122 propositio
646 4051 717 4106 falsa
735 4058 785 4116 θεῖ,
803 4068 859 4118 non
876 4051 1021 4106 exsistente
1038 4068 1076 4116 re,
1095 4067 1174 4120 quam

53 4124 227 4178 exsistentem
240 4122 410 4190 supponebat
423 4123 478 4186 illa,
497 4127 524 4175 ct
536 4137 550 4176 θ
565 4136 703 4179 converso.
720 4120 790 4175 sicut
800 4120 1000 4175 demonstratur
1011 4121 1039 4174 in
1051 4120 1174 4175 doctrina

52 4192 88 4247 de
105 4191 343 4260 praedicamentis,
362 4190 417 4244 sire
436 4188 585 4257 categoriis.
