2896 4876
250 300 338 356 LVIII
526 255 529 259 ’
621 300 784 357 CODICUM
801 300 992 356 ELENCHUS

373 479 544 545 latinorum
573 479 610 541 T.
634 474 683 540 ΙΙΙ
712 476 772 540 col.
798 477 873 541 153:
918 475 1050 556 „Codex
1073 479 1288 546 membranae.
1312 479 1370 544 Ms.

373 591 406 655 In
428 588 482 653 fol.
536 588 625 654 Sacc.
648 586 720 651 XV.
752 586 851 652 mirae
877 586 1115 671 pulcritudinis,
1149 607 1219 653 cum
1248 589 1371 672 duplici

373 701 497 784 pictura
518 699 551 763 in
574 696 741 783 principio,
771 716 904 779 quarum
933 717 998 762 una
1020 716 1150 782 operum
1172 699 1370 782 singulorum

373 810 498 891 titulos,
533 808 638 874 aurcis
670 814 702 873 et
734 806 890 872 caeruleis
922 806 1037 873 litteris
1071 815 1233 888 exaratos,
1268 810 1372 876 altera

372 919 549 986 Modiceum
582 924 731 999 stemma,
766 925 798 983 et
829 916 894 982 alia
927 918 1120 983 emblemata
1147 920 1246 985 van'is
1274 921 1371 987 inter-

372 1031 474 1096 mixta
489 1028 684 1094 ornamentis
700 1026 863 1093 exhibet.“
900 1025 988 1112 Opus
1002 1035 1155 1111 nostrum,
1178 1029 1262 1114 quod
1285 1052 1371 1096 ama·

372 1141 504 1210 nuensis
533 1158 686 1221 „summa
708 1137 920 1204 monarchia“
943 1138 1119 1222 inscripsit,
1142 1140 1278 1207 habetur
1294 1141 1373 1208 Inde

371 1252 467 1320 afol.
490 1254 562 1315 230.
584 1247 627 1314 ad
650 1248 670 1314 i.
694 1252 765 1314 261.

268 1358 484 1428 M.-Oodex
517 1361 886 1439 Macnrsnnccnrruus‚
925 1358 1146 1440 Florentinus,
1186 1362 1226 1427 cl.
1259 1363 1372 1428 XXX.

372 1473 432 1538 No.
450 1475 521 1553 239,
545 1470 739 1535 chartacio
762 1477 873 1552 quarto
896 1487 980 1534 saec.
992 1471 1079 1535 XVI.
1117 1469 1205 1555 Opus
1226 1480 1370 1539 nostrum

371 1583 484 1666 incipit
505 1581 560 1646 fol.
583 1583 632 1645 87.
1206 1572 1208 1575 ’

270 1693 304 1758 Ρ.
320 1729 356 1739 -
371 1691 481 1759 Oodex
510 1689 901 1756 Philemo-vibremus
930 1690 989 1754 No.
1016 1693 1112 1771 1729,
1136 1693 1313 1758 membran.
1337 1696 1374 1760 in

322 1866 323 1869 ,
371 1806 425 1872 fol.
453 1823 536 1869 saec.
566 1800 654 1866 XIV.
698 1800 884 1865 Monarchia
906 1800 1018 1883 incipit
1040 1801 1060 1865 t.
1084 1805 1134 1866 31.
1157 1801 1258 1867 —In
1281 1805 1376 1871 calce

371 1915 592 1982 Bucolicorum
615 1911 778 1976 Francisci
801 1910 985 1990 Petroncae,
1015 1931 1096 1992 quae
1125 1911 1260 1995 primam
1283 1915 1376 1981 volu-

370 2026 464 2090 minis
486 2030 610 2107 partem
633 2020 836 2101 constituunt,
858 2019 988 2102 legitur:

460 2131 686 2199 Francisci-de
798 2130 927 2213 explevi
955 2132 1112 2214 corrigere
1141 2135 1192 2197 20.
1215 2134 1289 2200 Iulii
1313 2136 1376 2202 Pe-

411 2318 421 2329 ι
461 2241 726 2326 Montepolitiano
797 2241 874 2306 rusii
903 2245 990 2306 1394.
1014 2241 1075 2308 deo
1097 2244 1216 2326 gratias
1238 2248 1353 2312 Amen.

370 2355 519 2439 Sequitur
548 2354 629 2434 alia,
660 2352 704 2416 uti
733 2350 876 2432 videtur,
906 2352 963 2417 sed
987 2353 1129 2436 ejusdem
1161 2355 1232 2420 aevi
1255 2375 1373 2421 manu:

370 2465 486 2531 Dentis
514 2462 694 2545 Aldighen'i
727 2462 888 2527 florentini
916 2464 1101 2530 Monarchic
1133 2464 1216 2531 liber
1246 2465 1373 2550 incipit.

260 2647 263 2652 ,
370 2576 492 2642 Ultimo
521 2575 592 2639 loco
620 2572 781 2639 habentur
809 2573 964 2656 epistolae
987 2575 1116 2656 Dantis,
1146 2595 1280 2658 quarum
1308 2578 1377 2660 pri-

370 2707 455 2752 mam
478 2685 623 2750 notitiam
648 2682 721 2750 dedi
744 2704 829 2749 anno
855 2686 936 2751 1838
943 2684 979 2768 ,¹)
1010 2692 1041 2750 ct
1063 2705 1142 2768 quas
1164 2706 1250 2751 anno
1277 2691 1373 2753 1842.

371 2796 502 2861 Turrius
524 2795 643 2878 publici
660 2794 743 2877 juris
765 2794 848 2860 fecit.

269 2908 306 2973 V.
319 2943 360 2954 -
376 2905 487 2972 Codex
502 2905 670 2987 Varianus,
693 2904 907 2970 bibliothecae
924 2905 1032 2971 Sancti
1047 2906 1146 2971 Marci
1162 2905 1262 2974 Closs.
1279 2909 1372 2974 XIV.

292 3023 302 3050 ⁸
368 3017 430 3082 No.
454 3019 525 3081 204.
559 3016 592 3080 in
622 3015 676 3079 iol.
709 3015 884 3080 membran.
919 3034 1002 3080 saec.
1031 3016 1118 3081 XIV.
1169 3017 1265 3084 Initio
1294 3019 1375 3085 libri

369 3126 449 3191 hace
469 3126 636 3208 leguntur:
666 3125 726 3205 „In
753 3125 883 3189 nomine
913 3124 1033 3190 domini
1059 3129 1158 3193 nostri
1181 3127 1372 3212 dulcissimi,

370 3236 444 3301 Iesu
460 3234 588 3317 Christi,
605 3235 658 3317 qui
674 3243 723 3299 est
737 3235 802 3316 lun,
820 3234 965 3301 doctrina
980 3242 1011 3301 et
1026 3237 1093 3302 vita
1107 3247 1225 3304 nostra.
1252 3243 1371 3308 Amen.

370 3346 504 3427 Verum,
537 3366 558 3409 a
585 3363 782 3427 quocumque
813 3345 953 3426 dicatur,
983 3347 1146 3431 aSpiritu
1174 3359 1284 3417 sancto
1309 3360 1371 3419 est.

368 3456 485 3539 Incipit
507 3455 589 3522 liber
610 3456 796 3521 monarchis
818 3454 925 3521 dantis
947 3456 1091 3523 alicherii
1113 3458 1282 3527 florentini.
1316 3465 1369 3528 In-

369 3566 446 3649 cipit
468 3566 651 3650 prologus.“

709 3681 911 3690 *—

331 3821 379 3886 Dc
401 3820 578 3904 fragmento
602 3821 729 3904 codIcis,
758 3823 885 3887 saeculo
908 3822 1028 3888 XVlll.
1065 3807 1195 3908 scripti,
1219 3827 1303 3909 quod
1332 3828 1363 3891 in

247 3929 441 3997 bibliotheca
462 3931 760 4014 Magliabccchiana
782 3940 935 4013 servatur,
960 3932 1098 4000 dirimus
1120 3955 1217 4020 supra
1239 3958 1270 4020 p.
1289 3937 1361 4002 XX.

246 4058 448 4068 ————

315 4123 334 4187 ¹)
352 4121 650 4193 Dante-Forschungen
667 4141 693 4193 p.
712 4129 761 4178 473
780 4139 820 4192 sq.

703 4299 906 4307 ---
