2910 4876
384 276 519 332 DANTIS
536 276 757 332 MONARCHIA
774 278 821 332 111.
841 278 869 333 C.
888 285 912 333 3.
1162 276 1203 338 95

91 449 119 515 in
140 451 278 518 coelum:
301 449 404 534 „Ecce
426 468 486 532 ego
508 451 673 517 vobiscum
695 471 765 516 sum
787 451 933 518 omnibus
956 450 1079 534 diebus,
1102 471 1204 534 usque

88 551 126 618 ad
148 553 450 620 consummationem
473 552 621 637 saeculi“,
643 559 679 618 ut
692 554 923 620 Matthaeus
944 557 1086 620 testatur.
1125 552 1205 621 Sunt

88 655 180 720 etiarn
214 655 445 741 scripturae
473 655 703 739 Doctorum,
740 654 959 738 Augustini
993 660 1025 723 et
1056 655 1203 740 aliomm,

87 776 206 839 quosa
235 755 355 842 Spiritu
384 757 501 824 Sancto
529 756 658 841 adjutos
687 757 741 839 qui
770 756 910 841 dubitat,
945 758 1064 823 fructus
1094 778 1202 825 corum
1221 776 1253 825 co

85 860 131 926 rel
155 858 284 926 omnino
306 879 369 925 non
391 858 487 941 vidit,
510 859 563 925 vel
586 859 613 924 si
636 858 731 943 vidit,
754 859 882 925 minime
906 858 1096 942 degustavit.

167 964 267 1027 Post
282 960 511 1027 Ecclesiam
526 981 602 1027 vero
618 965 690 1026 sunt
711 960 973 1045 traditiones,
990 979 1070 1043 quas
1085 961 1202 1026 Decre-

84 1065 164 1130 tales
188 1062 312 1129 dicunt:
343 1083 425 1145 quae
455 1061 584 1144 quidem
616 1062 676 1128 etsi
706 1064 894 1130 auctoritate
916 1062 1102 1148 Apostolica
1130 1066 1203 1127 sunt

82 1164 301 1248 venerandae,
335 1164 566 1231 fundamentali
601 1170 709 1232 tamen
747 1166 927 1251 Scripturas
964 1163 1203 1250 postponendas

78 1286 148 1334 esse
174 1266 385 1332 dubitandum
407 1287 470 1333 non
492 1273 553 1351 est3
584 1287 680 1349 quum
704 1268 848 1334 Christus
877 1266 1067 1334 Sacerdotes
1095 1265 1201 1350 objur-
1221 1287 1252 1342 cs

73 1370 206 1450 gaverit
235 1368 275 1435 de
310 1369 476 1435 contrario.
520 1370 624 1449 Quum
659 1370 743 1435 enim
777 1370 1041 1452 interrogassent,
1075 1368 1202 1451 „Quare
1240 1426 1242 1430 ,

71 1469 232 1554 discipuli
260 1471 307 1536 tui
334 1471 537 1538 traditionem
559 1471 718 1537 seniorum
747 1469 1063 1553 transgrediuntur?“
1088 1468 1201 1554 (negli-

65 1575 201 1653 gebant
217 1571 302 1638 enim
317 1593 466 1639 manuum
487 1572 670 1659 lotionem),
694 1572 837 1639 Christus
861 1573 907 1639 eis
928 1572 1133 1639 Matthaeo
1156 1576 1200 1637 te-

59 1664 194 1758 stante,
207 1674 386 1759 respondit:
401 1676 526 1758 „Quare
539 1679 571 1741 et
585 1694 644 1740 vos
659 1675 915 1757 transgredimini
930 1673 1115 1740 mandatum
1129 1671 1201 1755 Dei,

60 1781 212 1861 propter
240 1775 444 1843 traditionem
473 1775 657 1842 vestram‘?“
700 1778 737 1842 In
766 1796 828 1859 quo
858 1777 936 1842 satis
964 1777 1081 1859 innuit,
1104 1774 1201 1840 tradi-
1220 1798 1257 1850 70>

56 1878 199 1947 tionem
219 1878 483 1963 postponendam.

164 1980 260 2059 Quod
286 1980 314 2044 si
342 1979 529 2047 traditiones
551 1982 715 2053 Ecclesiae
750 1988 823 2066 post
849 1981 1028 2049 Ecclesiam
1056 1987 1142 2065 sunt,
1168 1986 1203 2047 ut

61 2080 277 2149 declaratum
300 2087 363 2166 est,
394 2102 526 2150 necesse
549 2089 611 2167 est,
642 2088 676 2150 ut
704 2105 769 2150 non
790 2084 954 2150 Ecclesiae
984 2083 1202 2150 straditioni-
1286 2124 1305 2146 .

60 2182 154 2266 bus,
179 2181 237 2248 sed
261 2185 302 2249 ab
324 2182 470 2251 Ecclesia
492 2183 716 2252 traditionibus
734 2184 867 2251 accedat
888 2186 1070 2269 auctoritas,
1094 2185 1200 2269 hique,

102 2352 127 2384 ⁵⁷
147 2349 217 2403 Edd.
244 2355 272 2404 et
300 2350 332 2403 A.
357 2351 388 2405 F.
412 2352 444 2405 L.
468 2352 497 2404 P.
525 2353 556 2406 V.
587 2355 615 2408 in

149 2435 273 2491 omnibus
299 2435 393 2491 dicbus
416 2467 450 2475 —
474 2438 516 2503 in,
543 2439 616 2507 quod

148 2520 225 2573 abest
248 2535 265 2573 a
288 2536 365 2575 sucro
391 2527 479 2587 textu,
502 2539 562 2577 cum
580 2524 615 2578 H.

147 2604 186 2656 M.
223 2605 398 2660 omittendum
433 2622 493 2662 esse
528 2608 613 2662 credi·

148 2689 242 2744 dimus.

105 2773 129 2807 ⁶⁸
146 2774 226 2828 M.ut
242 2775 408 2846 monifestat.
420 2805 451 2814 -
467 2775 541 2830 Hui
558 2794 614 2831 ma·

147 2860 296 2929 nifastatur

108 2943 131 2976 ⁵⁹
147 2942 218 2998 Sunt
248 2947 329 2999 ctiam
362 2945 518 3014 scripsimus
554 2961 615 3000 cunr

146 3028 179 3080 A.
204 3028 237 3081 H.
263 3029 300 3082 M.
318 3029 348 3083 P.
367 3030 398 3084 V.
425 3060 458 3069 —
484 3031 515 3084 F.
543 3029 615 3085 Sunt

147 3114 217 3167 caim
235 3144 269 3154 -
286 3115 318 3168 L.
338 3120 364 3168 ct
382 3115 439 3169 edd.
459 3113 530 3170 Sunt
548 3122 575 3169 et

163 3197 194 3251 F.
205 3201 360 3271 scripturae
368 3206 524 3255 sanctorum
534 3200 611 3256 Doct.

145 3310 179 3321 —
195 3284 229 3337 A.
247 3284 347 3339 omittit
364 3284 505 3341 doctorum

161 3368 194 3421 H.
212 3370 367 3440 Aupustiai
388 3370 514 3442 Grcqorii
528 3401 562 3408 —
580 3370 611 3424 L.

145 3454 215 3525 Auo.
237 3453 410 3527 Hycronymi

104 3537 127 3570 ⁸⁰
143 3538 178 3594 b
202 3538 235 3592 H.
260 3539 292 3593 L.
317 3539 355 3592 Μ.
379 3546 406 3595 et
432 3539 491 3594 edd.
509 3544 611 3596 recent.

144 3625 214 3678 male
231 3627 293 3695 quis
310 3624 423 3690 dabitat,
445 3641 514 3694 quae
531 3626 611 3681 lectio

143 3712 176 3762 ut
198 3715 292 3778 posset
307 3709 431 3778 probari,
457 3714 521 3779 post
537 3710 613 3766 dubi-

146 3798 185 3847 tat
213 3809 272 3847 cum
300 3793 359 3848 cod.
384 3794 418 3848 H.
440 3794 612 3851 inserendum

145 3884 217 3933 esset
239 3878 296 3932 nisi
317 3880 366 3949 qai
391 3895 451 3933 cum
470 3880 545 3949 signo
570 3880 612 3934 in·

143 3958 333 4031 terrogationis
364 3969 425 4031 post
449 3964 612 4036 depastura,

144 4065 224 4120 quam
255 4047 397 4102 lectionem
422 4047 533 4103 Ficinus
562 4049 611 4104 ba-

735 2352 826 2407 buisse
849 2352 961 2406 videtur.
988 2384 1022 2391 —
1052 2351 1201 2406 Nobiscum

734 2438 839 2492 fuciunt
856 2442 886 2490 F.
905 2437 936 2490 P.
954 2436 986 2490 V.
1006 2442 1032 2490 et
1049 2435 1109 2490 edd.
1128 2441 1182 2489 ant.

693 2523 716 2556 ⁰³
733 2523 771 2576 M.
788 2522 810 2575 P
828 2525 856 2577 ct
873 2522 932 2576 edd.
956 2527 1069 2576 recentt.
1092 2526 1202 2592 aposto-

734 2608 787 2663 lico
807 2608 861 2661 sint
1088 2662 1089 2665 ,

693 2693 715 2725 ⁶⁴
733 2691 763 2745 P.
782 2691 913 2746 verendae
928 2722 962 2730 —
980 2690 1012 2744 F.
1031 2690 1148 2745 uerenda
1166 2723 1200 2732 -

733 2777 759 2830 H
785 2776 901 2830 utendos

692 2863 715 2896 ⁶⁶
733 2862 764 2915 F.
784 2863 999 2932 iuterroqcssent
1015 2859 1118 2915 Judoci

691 2947 713 2980 ⁶⁷
731 2946 765 2999 A.
784 2947 817 3000 H.
836 2944 996 3000 traditiones

692 3033 723 3097 ⁶⁸,
742 3032 766 3065 ⁰⁹
784 3032 814 3085 F.
833 3030 974 3087 Mattiaco
991 3033 1133 3105 respondit

691 3118 714 3151 ⁶⁹
732 3118 765 3171 V.
783 3117 874 3183 Quare
891 3131 938 3171 nos

692 3203 715 3235 ⁷⁰
732 3201 764 3255 F.
783 3202 819 3257 In
843 3219 897 3272 quo
922 3204 1011 3257 inuasit
1032 3206 1101 3259 sctis
1117 3235 1151 3244 -
1168 3203 1199 3257 P.

732 3286 804 3342 Inda
821 3289 911 3342 innuit

692 3373 715 3406 ⁷³
732 3372 765 3426 A.
783 3371 816 3426 V.
835 3372 976 3429 Ecclesiae
999 3373 1199 3440 traditionibus,

730 3458 828 3513 omisso
847 3476 865 3513 a

690 3543 712 3576 ⁷⁴
730 3542 831 3597 Frutic.
863 3549 890 3596 et
913 3543 1027 3598 Furnius
1056 3541 1199 3599 manifesto

733 3628 805 3692 sitio
815 3633 843 3681 et
861 3632 955 3682 contra
965 3627 1087 3682 codicum
1104 3634 1198 3684 aucto·

687 3777 688 3780 Ἴ
732 3713 840 3766 ritatem
859 3711 1035 3766 traditionum
1053 3713 1166 3768 accedat

748 3797 780 3850 F.
799 3798 956 3851 auctoritas.
990 3797 1043 3853 Hii
1059 3799 1149 3869 qui-
1163 3800 1197 3855 A.

731 3885 803 3935 auct.
821 3880 927 3952 diisque
941 3914 975 3921 —
992 3882 1061 3936 Edd.
1080 3885 1198 3956 anctori-

732 3971 782 4019 tos.
816 3965 916 4038 Itaque
933 3999 966 4007 -
989 3968 1138 4024 Nobiscum
1156 3967 1196 4024 fa·

731 4050 807 4104 ciunt
823 4052 857 4106 H.
875 4053 907 4106 L.
926 4053 963 4106 M.
982 4053 1013 4107 P.
1032 4054 1066 4107 V.

144 4186 168 4218 θ’
185 4186 294 4239 Eunus.
314 4183 428 4237 Murus.
449 4184 477 4239 C.
489 4184 614 4239 XXVlII.
632 4202 655 4240 r.
676 4189 716 4240 20.
783 4188 805 4220 ⁰⁸
823 4143 1002 4244 Ibidem'o.
1021 4189 1080 4244 XV.
1098 4208 1122 4246 v.
1136 4194 1159 4244 2.
1172 4195 1197 4245 3.
