2902 4874
209 321 251 384 38
513 322 648 377 DANTIS
666 322 885 380 MONARCHIA
900 323 934 376 II.
953 339 975 378 c.
996 329 1017 377 1.

210 494 393 563 medullitus
422 496 530 562 oculos
560 495 675 562 mentis
703 494 808 578 infixi,
844 498 876 560 00
903 515 961 579 per
989 494 1209 562 efficacissima
1237 497 1332 578 signa

211 596 352 664 divinam
374 596 608 684 providentiam
622 596 685 664 hoc
706 596 851 663 effecisse
873 598 1023 682 cognovi,
1045 597 1257 665 admiratione
1280 620 1330 666 00-

210 699 321 780 dente,
345 698 485 764 derisiva
507 698 666 781 quaedam
687 697 868 783 supervenit
891 697 1069 785 despectio,
1098 719 1194 782 quum
1216 705 1332 782 gentes

160 821 191 872 15
209 800 352 867 noverim
380 804 489 866 contra
521 801 658 868 Romani
691 799 802 885 populi
837 800 1119 882 praeeminentiam
1152 801 1331 885 fremuisse,

210 922 307 984 quum
334 902 462 968 videam
496 903 632 988 populos
658 921 743 968 vana
770 899 977 984 meditamen,
1012 908 1047 967 ut
1074 904 1144 988 ipse
1173 904 1330 987 solebam,

210 1024 305 1087 quum
327 1003 456 1089 insuper
478 1003 620 1088 doleam,
643 1005 747 1086 Reges
769 1006 801 1068 00
821 1002 987 1086 Principes
1016 1004 1048 1068 in
1072 1005 1132 1071 hoc
1153 1005 1232 1071 vitio
1257 1026 1330 1072 oon-

210 1105 391 1189 cordantes,
414 1110 449 1169 ut
470 1104 678 1172 adversentur
691 1103 829 1171 Domino
853 1122 920 1187 suo,
943 1108 975 1170 00
996 1105 1089 1171 unico
1112 1125 1168 1172 suo
1184 1106 1331 1175 Romano

209 1207 357 1291 Principi.
401 1207 536 1291 Propter
565 1207 650 1289 quod
679 1206 834 1288 derisive,
863 1225 927 1271 non
955 1204 1023 1272 sine
1046 1205 1155 1273 dolore
1179 1208 1330 1293 quodam,

158 1331 191 1382 00
209 1330 280 1376 cum
302 1308 376 1374 illo
400 1308 537 1373 clamare
560 1329 689 1394 possum
717 1329 774 1393 pro
802 1306 922 1391 populo
944 1306 1083 1387 glorioso
1113 1313 1146 1373 00
1167 1330 1225 1393 pro
1249 1310 1329 1378 an-

208 1430 295 1494 sare,
325 1409 380 1491 qui
401 1429 458 1495 pro
487 1409 633 1493 Principe
657 1411 747 1476 Coeli
776 1408 951 1475 clamabat:
985 1409 1111 1492 „Quare
1135 1409 1331 1476 fremuerunt

208 1518 329 1594 gentes,
353 1515 385 1576 00
398 1511 510 1594 populi
524 1510 670 1576 meditati
691 1514 764 1575 sunt
785 1509 916 1575 inania?
939 1508 1138 1577 Adstiterunt
1152 1529 1245 1593 reges
1267 1517 1329 1579 ter-

207 1635 277 1697 rae,
301 1618 333 1680 00
351 1612 512 1697 principes
540 1618 755 1680 convenerunt
776 1612 810 1676 in
831 1630 944 1696 unum,
970 1612 1124 1679 adversus
1146 1611 1328 1698 Dominum,

207 1723 240 1781 00
260 1714 414 1780 adversus
437 1712 595 1780 Christum
619 1711 718 1798 ejus.“

157 1841 188 1892 25
292 1815 410 1881 Verum
434 1813 523 1897 (quia
544 1816 699 1881 naturalis
724 1836 813 1881 amor
836 1813 1015 1881 diuturnam
1043 1836 1112 1884 0000
1135 1814 1329 1901 derisionem

208 1910 271 1981 non
292 1915 427 2001 patitur,
450 1918 507 1985 sed
529 1923 564 1983 ut
585 1921 634 1987 001
656 1917 812 2000 aestivus,
837 1917 891 1999 qui
913 1916 1057 2001 disjectis
1078 1918 1204 1983 nebulis
1227 1927 1327 1984 matu·

207 2017 282 2083 tinis
305 2017 410 2084 oriens
432 2019 610 2088 luculentus
632 2019 781 2102 irradiat,
804 2018 962 2086 derisione
985 2018 1112 2101 omissa,
1135 2019 1240 2086 lucem
1263 2041 1327 2089 cor-

236 2253 257 2285 11
274 2253 307 2308 L.
325 2270 396 2308 00000
415 2256 517 2325 quippe
534 2255 603 2311 med.
818 2253 841 2285 ²⁰
859 2252 949 2306 Verba
964 2270 1019 2325 pro
1032 2253 1141 2324 populo
1166 2285 1199 2293 -
1222 2256 1328 2311 010000-

234 2338 255 2370 ¹⁷
273 2338 305 2390 F.
323 2338 356 2391 H.
375 2338 407 2392 L.
424 2339 454 2392 P.
464 2369 498 2379 —
512 2338 550 2393 Μ.
569 2341 597 2394 10
615 2338 667 2394 1000
683 2341 739 2394 0100-
862 2337 907 2393 dat
925 2337 1023 2393 desunt
1041 2338 1069 2392 in
1087 2339 1118 2391 F.

274 2421 337 2477 0010
355 2452 386 2461 -
399 2423 431 2476 A.
450 2423 482 2477 V.
502 2429 529 2486 et
548 2424 618 2479 Edd.
638 2429 692 2478 ant.
711 2425 739 2478 10
876 2421 912 2475 M.
930 2423 978 2492 pio
997 2423 1113 2478 Caesare

272 2505 324 2562 1000
340 2508 467 2562 0000100-
481 2508 556 2562 Frat.
573 2509 601 2562 10
615 2507 667 2562 1000
684 2524 740 2560 000
819 2507 842 2538 ²⁵
858 2505 893 2558 H.
911 2507 1074 2561 naturaliter

235 2591 257 2622 ¹⁸
274 2591 312 2644 M.
335 2593 484 2646 0000000100
506 2598 538 2646 00
562 2593 621 2646 ado.
647 2622 680 2631 -
706 2590 738 2645 F.
817 2591 840 2623 ²⁶
857 2591 890 2643 L.
915 2591 945 2643 P.
969 2592 1082 2663 dejectis
1104 2594 1210 2649 erebatis
1234 2625 1265 2633 -
1294 2597 1326 2649 A.

274 2677 483 2745 concordantes,
501 2694 556 2731 0000
574 2677 682 2731 0000010.
859 2675 1045 2732 010000010οι01.

290 2763 323 2814 Δ.
341 2762 375 2817 H.
393 2762 426 2816 L.
444 2762 481 2816 M.
502 2761 534 2815 V.
554 2767 581 2817 et
599 2762 686 2816 Ficin.
706 2789 739 2801 —
818 2761 840 2793 ²⁷
858 2761 892 2813 A.
912 2762 998 2815 000110
1015 2766 1074 2830 (pro
1093 2763 1193 2823 00100000
1294 2800 1296 2803 -

273 2844 304 2898 F.
324 2845 353 2899 P.
372 2851 400 2900 00
415 2846 487 2901 Edd.
506 2847 607 2916 antiqu.
625 2850 707 2901 000000
875 2844 907 2898 F.
925 2845 959 2899 H.
976 2846 1007 2900 L.
1027 2846 1066 2899 M.
1088 2847 1119 2900 P.
1138 2846 1172 2900 V.
1195 2877 1232 2887 -
1248 2850 1281 2901 A.
1301 2856 1328 2902 00

854 2929 1328 2987 Edd.luculenter.Anlaealeatias?

207 3148 264 3186 mos
281 3148 367 3201 usque
385 3132 506 3188 adfines
524 3134 597 3189 orbis
614 3132 780 3200 invadendo,
797 3134 975 3201 expugnando
994 3140 1021 3188 et
1039 3134 1220 3203 subjiciendo,
1240 3139 1267 3190 et
1285 3137 1326 3191 in·

207 3199 328 3254 terfectis
351 3202 392 3255 vel
414 3201 524 3256 remotis
546 3201 680 3270 Regibus,
704 3217 797 3256 eorum
820 3215 903 3270 regna
919 3202 948 3255 in
965 3203 1118 3270 provincias
1135 3202 1281 3270 redigendo
1301 3209 1327 3259 et

207 3269 258 3322 sub
276 3283 355 3322 suum
369 3269 464 3336 jugum
481 3275 509 3322 00
531 3269 672 3338 imperium
697 3268 870 3325 coercendc.“
894 3300 926 3308 -
949 3269 1151 3325 Cf.Auor0n1s
1170 3270 1327 3327 convivium

205 3335 254 3387 IV.
274 3340 290 3389 4
309 3335 935 3404 ,,Ρο00010100010000000111000,010“0000100100
954 3379 960 3391 .
980 3378 985 3390 .
1006 3380 1011 3391 .
1031 3378 1036 3388 .
1057 3338 1083 3392 10
1099 3356 1214 3394 romana
1226 3347 1327 3411 poteo·

206 3405 252 3458 010
268 3420 324 3457 000
336 3421 392 3475 Ι000
403 3406 527 3476 0001000,
543 3407 577 3459 ae
589 3422 638 3472 per
651 3405 759 3459 decreto
769 3406 938 3461 0100000010
947 3406 1099 3461 autumate
1115 3408 1150 3479 [00
1163 3424 1197 3462 00
1217 3410 1326 3474 00100000,

206 3488 251 3525 ma
269 3489 324 3543 per
345 3473 444 3552 sorec,
468 3473 517 3527 0100
538 3473 595 3528 0110
618 3475 733 3544 ruptone
748 3490 821 3543 pare
838 3490 911 3527 esser
928 3476 1095 3528 contraria“.
1168 3477 1189 3509 ¹⁰
1229 3477 1326 3531 atriam

206 3540 326 3595 auctoris
343 3541 405 3595 mde
423 3541 537 3609 aprima
554 3542 613 3611 ejus
630 3541 929 3610 pueritindominabant
939 3542 1067 3612 Guelphi,
1085 3543 1157 3598 inter
1173 3560 1243 3625 quos
1260 3546 1325 3599 ado·

206 3608 324 3674 1000οη0,
343 3616 370 3663 00
387 3624 404 3662 a
420 3609 553 3665 Brunetto
568 3610 674 3674 Latino,
693 3609 833 3679 Guelphae
849 3611 922 3678 parti
938 3611 1009 3664 inter
1017 3611 1156 3679 primores,
1175 3612 1325 3680 institutus,

208 3691 269 3730 oum
293 3676 423 3745 Guelphis
449 3678 549 3733 sentire
572 3677 715 3732 admodum
735 3678 841 3748 juvenis
862 3677 1000 3733 didicerat.
1045 3678 1211 3749 Neutiquam
1227 3678 1326 3736 'tamen

207 3743 399 3798 admittendum
416 3751 466 3810 est,
484 3747 600 3800 Dantem
613 3763 695 3815 quum
711 3745 751 3800 ita
769 3746 887 3801 sentiens
903 3746 1020 3814 primum
1036 3747 1212 3803 Monarchiae
1226 3749 1326 3804 librum

208 3813 417 3882 composuisset,
435 3814 510 3869 hisce
526 3815 627 3879 verbis,
646 3830 675 3869 00
692 3813 799 3869 interim
816 3815 844 3867 in
862 3814 1014 3882 oppositam
1029 3815 1245 3871 Ghibeliinorum
1262 3833 1324 3887 par·

208 3884 262 3934 tem
270 3882 476 3949 transmigrasse
488 3883 608 3937 innuere.
677 3885 696 3915 ¹⁷
714 3883 823 3950 Reges
842 3887 875 3936 et
892 3882 1008 3936 Princi
1037 3899 1082 3949 es,
1101 3884 1241 3954 Guelphos
1258 3892 1326 3954 puta

207 3954 263 4002 tam
275 3948 392 4017 italicos,
407 3966 491 4071 ssuam
507 3955 584 4005 extra
596 3948 710 4015 Italiam,
729 3955 759 4004 ut
770 3949 937 4005 CarolumII.
956 3951 1000 4002 An
1022 3966 1177 4018 egarensem
1188 3953 1247 4008 Nea
1267 3955 1324 4019 olis,

209 4016 398 4088 etPhilippum
431 4019 554 4074 ulchrum
563 4019 667 4073 Galliae
675 4020 764 4087 Reges
813 4019 837 4050 ²⁰
852 4017 892 4071 cf.
903 4018 1044 4074 Aneronrs
1054 4019 1217 4076 Paradisum
1266 4027 1322 4076 ‚31.

409 4103 512 4159 Perrh&
530 4110 558 4157 00
575 4105 657 4175 00000·
673 4120 724 4158 coa
741 4109 844 4173 0000000
861 4103 976 4172 racione

444 4170 478 4226 Se
492 4187 588 4226 0000000
604 4178 700 4226 eontra
717 4171 739 4225 e'l
753 4177 912 4225 sumersate
929 4186 1028 4242 000000,

444 4239 472 4293 E
488 4238 533 4294 0101
548 4241 567 4293 ’1
581 4240 771 4310 s'eppropre'a,
790 4255 805 4291 e
822 4237 867 4293 0101
883 4256 900 4293 0
919 4239 959 4292 1000Ι
974 4243 1112 4312 s’oppcae.
