2896 4876
258 319 322 373 xlv
680 320 961 375 PROLEGOMENA.

417 625 557 688 nusum,
577 625 669 680 POST
687 594 854 682 amonuit
872 625 1021 692 suumn,
1039 626 1218 682 CONATUS.

360 808 432 880 Duo
452 833 527 906 prae
554 811 687 880 caeteris
716 810 824 881 ollioio
851 808 930 903 ejus,
950 811 1003 903 qui
1023 811 1136 880 Dantis
1155 809 1376 881 lllonarolriarn

258 935 353 1006 edere
382 947 414 1006 et
439 937 599 1008 illustrare
627 937 751 1026 studet,
788 937 949 1007 contineri
983 949 1078 1032 puto:
1126 949 1306 1008 attextum
1336 939 1378 1009 ab

256 1065 511 1135 amanuensibus
545 1075 735 1160 corruptum
770 1065 810 1134 ab
846 1065 1010 1136 erroribus
1040 1089 1193 1160 purgans,
1227 1066 1264 1134 ad
1295 1066 1380 1135 inte·

257 1190 405 1282 gritatem
427 1216 502 1262 eum
521 1192 676 1282 restituat,
698 1202 730 1262 et
750 1203 784 1262 ut
803 1192 973 1263 obscurius
993 1193 1152 1262 dictorum
1175 1193 1376 1264 intellectum

257 1317 432 1389 lectoribus
471 1320 601 1414 aperiat.
658 1319 782 1390 llorum
825 1319 930 1390 illud
976 1320 1126 1389 nonnulli
1165 1344 1278 1389 eorum
1318 1320 1375 1415 qui

259 1445 318 1514 boo
347 1469 482 1516 munere
512 1447 666 1516 haetenus
695 1447 798 1517 lunoti
827 1457 919 1537 sunt,
947 1458 1114 1519 tentarunt
1140 1447 1289 1541 quidem,
1316 1447 1375 1517 sed

259 1582 292 1642 ut
326 1574 490 1666 assequuti
525 1575 606 1664 sint,
641 1584 767 1644 tantum
802 1573 906 1664 abest,
941 1585 975 1643 ut
1009 1577 1133 1668 primos
1170 1575 1290 1668 gradus
1318 1599 1378 1645 eos

255 1722 428 1794 superasse
455 1701 504 1771 vix
532 1702 594 1772 diei
622 1703 744 1797 possit3
773 1702 846 1771 boe
872 1726 945 1770 vero
966 1704 1101 1771 omnino
1121 1703 1276 1772 intantum
1302 1702 1376 1772 reli·

254 1837 404 1922 querunt.
1046 1923 1048 1926 Α

359 1956 585 2028 Subsidiorum
630 1955 668 2025 ad
710 1956 972 2027 emendationem
1018 1966 1121 2026 textus
1156 1955 1250 2025 nobis
1283 1935 1405 2051 paras

257 2097 363 2156 torum
393 2083 569 2179 suppelleir,
595 2082 670 2153 licet
697 2106 762 2153 raon
792 2108 887 2178 parea
906 2086 957 2173 ¹¹),
984 2082 1053 2176 ejus
1080 2094 1130 2153 est
1157 2094 1305 2173 naturae,
1340 2096 1376 2154 ut

255 2211 461 2308 quantumvis
480 2211 669 2301 examinata,
698 2235 849 2305 magnam
870 2210 1055 2299 dubiorum,
1082 2211 1213 2305 quaein
1235 2210 1376 2303 legendo

256 2364 315 2411 rios
343 2339 521 2428 offendunt,
551 2348 687 2433 partem,
713 2339 863 2433 expedire
893 2362 957 2408 raon
987 2338 1096 2406 valeat.
1134 2337 1255 2407 Tantae
1281 2339 1372 2408 enim

256 2470 388 2539 luerunt
420 2490 653 2563 amanuenses,
696 2466 766 2559 qui,
800 2490 882 2561 quos
916 2465 978 2535 fata
1014 2464 1107 2534 nobis
1144 2465 1375 2558 permiserunt,

254 2595 382 2665 oodices
411 2603 600 2682 exararunt,
638 2593 855 2686 negligentiae
884 2604 915 2662 et
943 2592 1128 2682 socordiae,
1163 2604 1196 2661 ut
1224 2617 1297 2680 eos,
1332 2593 1372 2662 ad

256 2746 357 2793 unuln
387 2745 519 2810 omnes,
546 2721 686 2791 auctoris
714 2721 891 2790 sententias
919 2720 997 2790 dum
1028 2719 1223 2810 seriberent,
1261 2730 1373 2790 mente

253 2850 380 2944 assequi
401 2873 440 2918 ne
461 2849 592 2942 quidem
614 2851 705 2919 nixos
725 2872 805 2938 esse,
833 2847 887 2917 sed
917 2847 955 2917 de
984 2846 1150 2942 quibusvis
1177 2847 1247 2917 aliis
1274 2848 1375 2918 rebus

254 2977 421 3071 vigilantes
445 2977 636 3064 somniasse,
655 2975 830 3045 dicendum
850 2976 900 3045 sit.
946 2973 981 3044 ln
1002 2974 1111 3069 quavis
1130 2975 1217 3044 enirn
1245 2975 1374 3070 pagina,

220 3136 222 3140 ⁴
253 3105 300 3175 vel
320 3127 412 3198 quae,
439 3113 474 3173 ut
492 3104 585 3198 plena
604 3104 718 3173 existat
736 3103 847 3192 oratio,
873 3101 986 3172 abesse
1006 3112 1181 3196 nequeunt,
1208 3102 1374 3194 omittunt,

254 3233 300 3302 vel
336 3242 480 3301 monstra
513 3231 698 3320 verborum,
731 3240 763 3300 et
796 3229 972 3299 sententias
1001 3229 1114 3322 quovis
1148 3253 1247 3299 sensu
1275 3229 1374 3300 desti·

254 3368 336 3429 tutas
355 3357 517 3446 exhibent,
543 3357 629 3426 unde
657 3357 833 3428 lectionum
863 3356 946 3426 inter
974 3380 1008 3426 se
1036 3357 1228 3426 variantium
1258 3380 1375 3428 nume·

254 3511 308 3557 rus
336 3486 403 3556 lere
431 3486 463 3554 in
492 3485 655 3554 inlinitum
683 3484 791 3554 erevit.
828 3481 994 3555 Genuinas
1022 3508 1060 3552 ex
1079 3493 1165 3552 tanta
1194 3482 1371 3556 lectionum
1429 3460 1434 3481 ⁶

252 3615 343 3708 eopia
371 3613 525 3706 seligere,
553 3636 590 3680 eo
619 3611 783 3682 difficilius
811 3622 859 3681 est
887 3636 979 3705 opus,
1007 3635 1071 3706 quo
1101 3611 1209 3680 minus
1238 3610 1293 3680 uni
1321 3614 1373 3682 vel

252 3834 453 3842 ..ffl—

337 3949 362 4012 ¹¹)
381 3926 538 3999 Basilius
548 3945 735 4011 Heroldus,
753 3944 856 4012 primm
869 3944 960 4012 operis
969 3946 1054 3998 nostri
1064 3944 1090 3997 in
1101 3944 1220 4011 linguam
1232 3945 1372 4010 germani-

251 4057 310 4094 cam
324 4039 479 4103 translator,
495 4043 574 4107 putat
591 4038 771 4093 Bertrandum
790 4037 825 4092 de
843 4038 981 4105 Castanea
993 4037 1163 4093 cardinalem
1182 4030 1384 4101 Portnensem¹

250 4134 347 4198 omnia,
367 4137 504 4201 quotquot
522 4132 724 4202 conquisiverat
734 4131 904 4187 Monarchiae
923 4131 1095 4200 exemplaria,
1114 4129 1191 4199 quasi
1204 4129 1288 4183 libros
1302 4129 1371 4184 hae-

250 4227 359 4291 reticos,
377 4227 542 4279 concremari
557 4226 683 4296 jussisse.
