2910 4876
367 321 502 377 DANTIS
520 321 736 378 MONARCHIA
753 321 801 376 111.
821 321 850 377 (l.
870 328 909 377 13.
929 327 992 390 (12.)
1176 319 1235 380 129

112 494 322 576 auctoritatis,
345 495 499 578 probatur
520 495 581 560 sic:
604 495 704 577 Illud,
728 515 790 577 quo
813 515 875 562 non
897 495 1070 578 existente,
1094 501 1149 560 aut
1171 515 1234 577 quo

114 617 176 662 non
191 596 360 678 virtuantc,
376 595 465 661 aliud
480 595 577 663 habet
592 601 693 662 totam
707 616 798 662 suam
813 597 972 679 virtutem,
994 617 1058 662 non
1073 603 1122 663 θεῖ
1137 617 1235 663 causa

111 698 200 763 illius
223 697 363 781 virtutis3
387 696 445 763 sed
462 695 607 762 Ecclesia
628 718 691 764 non
714 698 879 781 existente,
903 704 1043 765 autnon
1066 700 1234 784 virtuante,

112 800 286 884 Imperium
300 799 412 864 habuit
433 804 534 864 totam
556 818 646 865 suam
664 800 826 866 virtutem:
849 818 924 881 ergo
940 799 1086 866 Ecclesia
1100 822 1164 867 non
1185 807 1234 867 θεῖ
1255 805 1285 857 15

112 921 211 969 causa
239 901 364 966 virtutis
392 900 537 985 Imperii,
557 905 599 966 vet
626 922 684 985 per
713 921 909 983 consequens
937 922 996 968 nec
1025 903 1232 987 auctoritatis,

112 1023 211 1086 quum
239 1001 325 1067 idem
353 1002 394 1067 sit
422 1001 522 1067 virtus
557 1008 588 1068 θῖ
616 1003 789 1069 auctoritas
817 1003 895 1086 ejus.
948 1002 997 1068 Sit
1026 1004 1173 1071 Ecclesia
1194 1005 1232 1088 A,

111 1104 286 1190 Imperium
308 1104 344 1187 B,
367 1104 538 1171 auctoritas
560 1103 629 1170 sive
657 1105 758 1169 virtus
780 1104 909 1188 Imperii
931 1105 964 1171 (l.
1011 1104 1047 1170 Si
1074 1126 1138 1172 non
1166 1107 1232 1172 exi-

112 1213 217 1273 stente
239 1206 284 1289 A,
308 1206 333 1272 G
356 1207 459 1273 estin
480 1205 522 1288 B,
552 1205 751 1289 impossibile
780 1210 829 1271 θεῖ
850 1206 879 1269 Α
901 1226 971 1273 θεεθ
1001 1227 1130 1272 causam
1153 1207 1233 1291 ejus,

114 1308 202 1392 quod
224 1315 272 1375 θεῖ
296 1307 320 1373 O
343 1327 413 1373 θεεθ
435 1307 469 1371 in
487 1307 528 1391 B,
553 1327 649 1389 quum
670 1307 869 1392 impossibile
892 1308 948 1391 sit,
972 1308 1122 1375 effectum
1142 1329 1233 1394 prae·
1254 1313 1286 1362 '20

113 1411 229 1477 cedere
252 1429 381 1475 causam
402 1410 436 1474 in
457 1428 537 1475 esse.
587 1409 716 1492 Adhuc,
740 1410 768 1474 si
789 1409 869 1475 nihil
892 1414 1042 1495 operante
1064 1412 1108 1493 A,
1132 1409 1157 1476 0
1187 1414 1236 1477 θεῖ

115 1513 149 1578 in
171 1514 207 1595 B,
230 1531 362 1578 necesse
385 1516 442 1594 cst,
465 1511 495 1576 A
516 1530 580 1578 non
599 1531 669 1577 θεεθ
692 1531 820 1576 causam
843 1511 922 1596 ejuS,
946 1511 1031 1593 quod
1053 1512 1141 1577 cstO
1165 1531 1236 1577 csse

112 1615 148 1679 in
170 1614 213 1698 B,
238 1633 334 1695 quum
356 1632 488 1680 neccsse
509 1614 551 1679 sit
566 1612 609 1677 ad
631 1612 872 1697 productionem
886 1614 1019 1680 effectus
1033 1612 1237 1698 praeoperari

117 1736 257 1798 causam,
280 1715 466 1798 praesertim
489 1715 687 1798 efficientem,
710 1714 751 1781 dc
774 1734 837 1796 qua
858 1715 1040 1781 intenditur.

201 1818 306 1902 Major
326 1816 501 1901 propositio
525 1816 619 1901 hujus
646 1816 924 1884 demonstrationis
946 1817 1111 1882 declarata
1132 1820 1181 1884 est
1202 1816 1236 1881 in
1254 1822 1286 1875 25
1367 1869 1371 1872 .

17 1944 21 1952 ·
112 1921 273 2004 terminis,
304 1919 458 1985 minorem
482 1918 624 1984 Christus
654 1924 686 1984 ct
707 1918 853 1984 Ecclesia
875 1917 1046 1984 confirmat.
1093 1919 1236 1984 Christus

116 2021 276 2087 nascendo
292 2027 323 2086 ct
338 2018 512 2102 moriendo,
536 2027 570 2084 ut
585 2020 729 2104 superius
746 2021 865 2086 dictum
881 2027 944 2103 cst,
969 2019 1123 2103 Ecclesia,
1141 2039 1237 2102 quum

114 2124 266 2190 Paulus
289 2123 321 2187 in
344 2120 477 2187 Actibus
498 2122 725 2207 Apostolorum
748 2121 833 2187 dicat
855 2120 898 2186 ad
920 2122 1065 2187 Festum:
1088 2120 1162 2204 „Ad
1182 2121 1235 2185 tri·

145 2343 166 2375 ¹²
183 2343 216 2396 V.
240 2341 317 2396 Illud
340 2340 415 2411 quod
441 2322 494 2394 nou
518 2341 650 2394 existente
730 2342 751 2374 ¹⁶
768 2341 799 2394 E.
822 2341 853 2394 P.
875 2356 930 2411 per
952 2354 1120 2410 corusequerus
1143 2345 1237 2394 aucto·

184 2457 216 2467 —
234 2427 268 2480 H.
287 2424 364 2479 Illud
381 2441 435 2495 queo
459 2441 514 2481 nou
531 2433 591 2480 ente
608 2425 651 2480 uel
768 2426 861 2479 ritate'a

184 2511 303 2566 nondum
325 2513 458 2566 euct'steute
481 2541 516 2550 -
544 2512 577 2564 A.
602 2510 648 2565 Ill.
730 2511 750 2542 ¹⁷
768 2509 799 2563 P.
817 2526 878 2565 cum
896 2509 925 2563 ut
941 2508 977 2561 sit
998 2509 1084 2562 uirtus

184 2614 238 2667 quo
256 2597 398 2651 existentis
727 2595 751 2627 ²⁰
769 2594 833 2648 Cod.
851 2595 883 2646 A.
908 2608 924 2646 a
941 2592 1029 2647 verbis
1053 2609 1113 2647 cum
1137 2594 1236 2663 impos-

144 2683 167 2715 ¹³
185 2682 276 2736 Verba
299 2687 347 2735 out
371 2696 424 2751 quo
442 2697 497 2735 reon
514 2683 650 2736 virtuaute

184 2766 261 2820 uliud
278 2764 358 2819 dubet
375 2771 457 2819 tetam
475 2781 551 2819 suum
567 2766 650 2820 cirtu-

185 2857 235 2904 tem
263 2849 369 2904 omnino
404 2850 505 2904 absunt
530 2865 546 2903 a
574 2850 650 2906 codd.

184 2935 265 2989 AP.
275 2966 308 2972 -
317 2933 415 2988 Iisdem
424 2933 512 2988 verbis
522 2935 553 2988 F.
568 2952 651 2989 uuum

184 3027 224 3074 θεῖ
248 3019 400 3083 substituit,
428 3020 460 3074 V.
487 3035 549 3074 vero
574 3020 652 3074 aliud

185 3111 273 3159 tumen
291 3113 337 3171 θεῖ,
356 3105 422 3160 etL.
433 3110 473 3158 θεῖ
490 3105 584 3174 eliqua
598 3106 650 3159 oir-

185 3197 228 3243 ῖθε
253 3220 287 3229 -
311 3190 381 3244 ‘Sola
407 3189 488 3243 verba
520 3196 568 3243 aut
596 3206 650 3259 quo

184 3292 240 3329 uon
257 3276 392 3328 virtuante
410 3273 510 3328 omittit
526 3273 564 3327 M.
598 3274 650 3328 Pru

185 3359 264 3414 uliud
288 3358 368 3414 dehet
393 3359 427 3412 H.
452 3364 479 3412 et
496 3358 534 3412 M.
560 3359 652 3427 legunt

187 3445 294 3515 aliquid
316 3443 407 3509 lebet,
438 3459 551 3511 quorum
578 3443 652 3511 prior

186 3545 236 3598 pro
254 3528 335 3584 habet
348 3535 430 3583 totam
439 3544 517 3582 suom
527 3529 651 3582 virtutem

187 3615 296 3669 exhibet
313 3613 392 3668 debet
403 3630 480 3668 suern
495 3614 652 3685 perfectam

186 3700 318 3752 uirtutem.
327 3728 362 3738 —
377 3698 484 3753 Justam
501 3700 651 3765 lectionem,

187 3785 216 3839 in
234 3798 286 3850 qua
304 3782 567 3851 eddpraeterTurr.
587 3800 652 3839 con·

187 3869 320 3934 sentiunt,
347 3883 381 3921 ne
409 3856 520 3923 Vicinus
545 3868 652 3938 quidem

186 3953 312 4007 habuisse
330 3951 440 4007 videtur.

145 4040 168 4072 ¹⁵
185 4038 216 4092 P.
235 4037 383 4108 Imperium
401 4036 481 4093 tradet

186 4242 210 4273 aa
228 4242 320 4296 Aeros
338 4241 388 4294 Ar.
407 4256 466 4310 cap.
485 4240 569 4296 XXV.
588 4259 613 4296 v.
636 4245 673 4295 tu.

768 2678 846 2733 sibile
862 2675 1033 2731 sitadverba
1051 2692 1111 2732 cum
1129 2693 1236 2732 necesse

768 2765 804 2818 sit
832 2762 987 2831 prosiliens,
1020 2761 1119 2816 omittit
1152 2762 1235 2816 inter·

768 2848 864 2903 media.

728 2934 752 2966 ²²
769 2933 802 2986 Η.
822 2943 862 2987 θεῖ
879 2935 907 2987 tn
927 2932 960 2986 B.
978 2933 1138 2987 accessesit

786 3019 817 3071 Iu
849 3018 884 3072 H.
922 3015 1109 3071 desiderantur
1140 3016 1235 3071 rerba:

769 3104 793 3157 Α
810 3119 865 3156 nou
883 3119 940 3156 θεεθ
957 3117 1066 3156 causam
1082 3103 1151 3172 ejus,
1163 3102 1237 3172 quod
1277 3155 1281 3169 ,

769 3186 841 3242 estC
856 3203 913 3241 θεεθ
930 3187 959 3240 iu
969 3186 996 3240 B
1000 3205 1011 3249 ;
1029 3202 1111 3256 quum
1129 3201 1236 3241 necesse

787 3272 818 3326 F.
838 3272 928 3326 Caco
947 3287 1004 3324 θεεθ
1021 3272 1049 3324 tu
1067 3271 1103 3326 B.

729 3357 752 3390 ²³
770 3357 801 3410 L.
819 3357 932 3427 effectus
951 3372 1005 3427 pre
1022 3357 1131 3426 operati
1146 3387 1180 3396 -
1197 3356 1234 3410 M.

770 3442 816 3512 eff.
829 3441 1000 3513 praeparari

728 3528 751 3561 ²⁴
769 3527 803 3581 H.
818 3541 928 3582 causum
942 3524 1057 3594 prisnei
1072 3523 1235 3592 efficientem

787 3611 825 3664 M.
854 3610 886 3664 de
914 3625 969 3680 qua
994 3607 1144 3662 intenditur
1169 3610 1236 3663 iuci-

771 3697 865 3751 deuter
887 3725 918 3734 -
937 3694 970 3747 A.
996 3692 1030 3746 de
1052 3707 1107 3762 qua
1132 3691 1176 3749 hic
1196 3695 1236 3747 tn-

771 3780 890 3834 teudilur
1129 3849 1131 3851 „

729 3866 753 3898 ²⁵
770 3865 800 3919 F.
819 3863 916 3936 Major
928 3863 1084 3936 propositio
1102 3863 1202 3918 declar.

729 3951 753 3984 ²⁶
770 3951 802 4004 L.
821 3949 961 4005 declarato
978 3953 1018 4002 θεῖ
1035 3948 1063 4001 iu
1082 3948 1163 4001 terris

769 4035 802 4088 V.
821 4041 847 4090 et
865 4033 988 4090 Ecclesia
1006 4032 1167 4101 confirmant
