2910 4876
287 316 346 378 126
530 319 664 374 unurrs
682 318 968 374 nouandarum.
988 319 1017 375 o.
1039 324 1076 373 n.
1097 325 1157 388 ar.)

232 511 264 562 25
284 491 424 576 speciem
447 497 479 557 et
501 509 610 574 genua,
635 496 665 557 et
686 511 745 576 per
767 510 863 572 quam
887 490 1051 575 reponitur
1072 492 1131 557 sub
1147 490 1420 577 praedicamento

284 592 551 659 substantiae.
605 594 701 659 Pater
728 613 804 659 vero
833 599 881 658 est
909 592 959 675 id,
990 595 1075 675 quod
1107 599 1156 659 θεῖ
1185 613 1244 678 per
1272 592 1431 661 formam

283 695 597 777 accidentalem,
622 700 767 774 quaeest
789 694 910 777 relatio,
934 715 991 778 per
1006 715 1100 776 quam
1115 696 1243 762 sortitur
1265 695 1433 779 speciem

284 787 456 878 quamdam¹
472 803 504 862 θῖ
521 814 631 879 genus,
648 802 679 861 et
697 796 860 880 reponitur
875 796 933 861 sub
948 814 1065 877 genere
1083 796 1132 861 ad
1154 795 1318 879 aliquid
1342 797 1434 866 sive

283 897 514 964 relationis,
551 897 655 962 Aliter
677 897 783 963 omnia
803 898 1026 964 reducerentur
1047 896 1090 961 ad
1112 897 1425 982 praedicamentum

232 1021 264 1072 30
283 999 494 1082 substantiam
520 1018 616 1080 quum
638 999 726 1063 nulla
748 998 850 1065 forma
872 998 1079 1064 accidentalis
1104 1019 1162 1083 per
1184 1019 1219 1066 se
1242 1000 1420 1089 subsistat,

282 1103 403 1183 absque
433 1099 599 1185 hypostasi
629 1100 825 1165 substantiae
848 1100 1062 1166 subsistentis:
1092 1099 1178 1181 quod
1209 1106 1260 1166 est
1280 1102 1410 1171 falsum.

283 1206 386 1284 Quum
409 1222 483 1284 ergo
505 1204 596 1285 Papa
618 1206 650 1266 θῖ
672 1202 848 1284 imperator
870 1201 932 1266 sint
953 1200 988 1265 id
993 1251 1003 1285 ,
1027 1201 1113 1283 quod
1135 1207 1208 1267 sunt
1229 1223 1291 1286 per
1315 1223 1405 1285 quas-

283 1305 357 1370 dam
380 1303 566 1386 relationes;
592 1303 667 1384 quia
689 1325 746 1388 per
767 1305 925 1388 Papatum
947 1311 979 1370 θῖ
999 1323 1057 1388 per
1078 1304 1302 1389 Imperiatum,
1328 1323 1402 1386 quae

282 1407 454 1472 relationes
477 1409 558 1487 sunt,
582 1405 684 1471 altera
706 1406 764 1471 sub
787 1405 909 1471 ambitu
931 1404 1140 1489 paternitatis,
1165 1409 1198 1471 θῖ
1220 1407 1327 1471 altera
1349 1407 1400 1471 sub

232 1535 264 1585 35
282 1509 404 1574 ambitu
427 1505 665 1573 dominationis:
688 1507 888 1574 manifestum
911 1511 960 1572 θεῖ
983 1505 1068 1587 quod
1090 1509 1181 1590 Papa
1210 1512 1243 1572 et
1265 1507 1398 1592 Impera-

281 1615 345 1692 tor,
368 1609 402 1672 in
425 1614 576 1688 quantum
598 1608 796 1692 hujusmodi,
820 1608 940 1673 habent
962 1608 1074 1690 reponi
1096 1610 1167 1674 sub
1190 1607 1399 1694 praedica-

281 1715 414 1777 mento
443 1711 681 1794 relationis,
712 1717 744 1776 et
772 1725 830 1795 per
851 1729 1049 1790 consequens
1071 1709 1181 1775 reduci
1206 1710 1250 1775 ad
1271 1709 1399 1792 aliquod

283 1812 440 1879 exsistens
462 1812 520 1876 sub
546 1811 602 1877 illo
625 1832 751 1895 genere.

367 1912 460 1979 Unde
490 1911 579 1995 dico,
609 1912 695 1995 quod
724 1913 790 1978 alia
818 1919 866 1978 est
896 1933 1058 1996 mensura,
1087 1911 1130 1976 ad
1160 1933 1256 1994 quam
1286 1913 1401 1979 habent

231 2027 264 2076 ro
282 2013 406 2098 reduci,
429 2020 522 2097 prout
545 2022 618 2080 sunt
639 2015 798 2099 homines3
830 2022 862 2080 et
884 2015 964 2098 alia,
993 2019 1087 2099 prout
1110 2020 1183 2079 sunt
1206 2020 1238 2081 et
1259 2017 1351 2101 Papa
1372 2021 1401 2082 et

283 2117 466 2201 Imperator.
520 2117 621 2200 Nam,
654 2122 748 2202 prout
776 2122 849 2182 sunt
876 2116 1037 2200 homines,
1075 2116 1195 2182 habent
1224 2115 1335 2182 reduci
1362 2115 1402 2181 ad

282 2218 436 2303 optimum
458 2217 628 2303 hominem,
652 2218 706 2300 qui
729 2223 777 2285 θεῖ
790 2238 940 2285 mensura
955 2217 1095 2283 omnium
1110 2217 1244 2282 aliorum
1269 2225 1302 2284 et
1320 2219 1401 2302 idea,

280 2325 315 2384 ut
337 2320 382 2384 ita
406 2318 520 2404 dicam,
545 2321 688 2403 quisquis
711 2320 767 2386 ille
790 2322 839 2405 sit,
863 2319 906 2385 ad
921 2318 1128 2386 exsistentem
1146 2319 1287 2385 maxime
1310 2342 1404 2387 unum

280 2422 313 2485 in
335 2442 451 2505 genere
474 2441 549 2506 suo,
574 2427 609 2487 ut
630 2422 742 2488 haberi
764 2427 870 2507 potest
893 2443 934 2490 ex
956 2420 1076 2485 ultimis
1098 2420 1141 2485 ad
1162 2420 1403 2488 Nicomachum.

307 2588 330 2620 33
346 2588 376 2641 Ρ.
395 2605 411 2642 a
429 2591 571 2660 reponitur
594 2590 680 2644 lineae
699 2595 730 2644 25
749 2606 813 2659 pro·
932 2587 1030 2642 habeut
1057 2619 1090 2625 —
1122 2586 1151 2639 P.
1186 2589 1214 2641 iu
1246 2606 1293 2658 qu.
1323 2589 1407 2662 liujus

347 2674 402 2728 silit
419 2673 453 2727 ad
470 2674 814 2729 idemvocabnlumrecur·
934 2672 1048 2728 dabatur

348 2774 409 2811 rens
427 2759 454 2812 in
473 2759 519 2813 lin.
539 2764 578 2812 28.
604 2759 710 2814 omissis
728 2760 812 2813 inter·
895 2759 925 2816 ³⁷,
940 2759 964 2791 33
975 2757 1012 2810 A.
1028 2757 1060 2809 L.
1074 2756 1171 2812 reduci
1178 2757 1216 2811 ad
1225 2758 1335 2828 aliquid
1350 2763 1408 2816 exi-

346 2843 440 2897 mediis
933 2848 1007 2896 stem
1017 2872 1050 2880 -
1064 2841 1094 2894 P.
1109 2841 1166 2895 red.
1178 2842 1216 2896 ad
1231 2844 1350 2913 aliquod
1363 2863 1409 2901 em

239 2922 241 2925 ’
305 2928 329 2961 ²⁴
347 2927 431 2982 Pater
458 2930 526 2981 euim
553 2935 592 2981 est
617 2929 709 2997 legunt
736 2928 813 2983 codd.
891 2929 913 2958 ⁴⁰
930 2926 1003 2980 ΡΝ.
1022 2935 1048 2978 at
1065 2926 1121 2980 alia
1134 2937 1223 2998 prout
1240 2934 1306 2981 sunt
1325 2929 1408 3003 Papa

347 3013 466 3066 unanimi
482 3028 623 3067 consensu.
891 3012 914 3044 ⁴¹
932 3011 969 3064 M.
988 3010 1060 3064 Num
1087 3016 1117 3064 ut
1140 3019 1204 3064 sum
1227 3011 1354 3069 domines
1378 3046 1408 3055 -

307 3096 331 3130 33
347 3096 379 3148 A.
398 3097 432 3149 H.
451 3097 482 3148 L.
500 3096 531 3149 P.
542 3128 575 3136 —
586 3097 617 3150 V.
635 3099 684 3153 sub
701 3114 762 3168 peu.
778 3097 816 3151 ad
933 3095 967 3149 H.
978 3095 1049 3149 Nam
1067 3100 1097 3148 ut
1112 3096 1266 3164 quodsum
1283 3098 1410 3155 dominas

348 3180 463 3250 aliquod
471 3182 550 3234 -M.
560 3182 609 3235 sub
620 3199 681 3251 peu.
692 3181 815 3236 adalind
892 3181 923 3247 ⁴²,
943 3182 967 3215 ⁴³
983 3180 1013 3233 P.
1026 3186 1052 3234 et
1061 3180 1137 3235 editt.
1154 3186 1222 3236 antt.
1240 3190 1268 3235 et
1285 3184 1361 3251 idco,
1379 3191 1409 3239 ut

365 3263 397 3317 V.
414 3280 481 3318 suae
498 3265 639 3319 relationis
935 3267 973 3319 ita
991 3265 1080 3320 dicam
1099 3297 1133 3306 -
1156 3269 1190 3319 A.
1209 3267 1241 3320 F.
1260 3267 1293 3320 H.
1314 3269 1350 3324 L.
1369 3271 1406 3324 M.

308 3349 330 3383 ³¹
348 3349 378 3402 P.
397 3349 499 3419 absque
516 3355 687 3421 compostasp
935 3350 968 3403 V.
987 3356 1014 3404 ct
1030 3349 1098 3414 ideo,
1116 3357 1147 3404 ut
1164 3351 1252 3406 dicam
1266 3381 1298 3392 —
1317 3354 1406 3409 Ficin.

307 3434 330 3467 33
347 3433 816 3506 F.-n.parPaparamapa1m-
935 3453 949 3488 e
961 3452 1017 3507 per
1034 3434 1090 3489 cosi
1108 3435 1167 3489 dire
1185 3435 1208 3490 il
1224 3438 1283 3507 tipo

342 3523 472 3590 peratum
490 3551 523 3559 -
541 3519 573 3574 L.
591 3519 628 3571 M.
649 3519 682 3571 V.
695 3518 814 3590 perPa-
894 3520 917 3551 ⁴⁴
934 3521 967 3574 A.
986 3520 1018 3573 F.
1037 3521 1070 3574 H.
1090 3521 1122 3574 L.
1140 3521 1171 3574 P.
1190 3521 1223 3573 V.
1248 3523 1277 3574 iu
1294 3540 1405 3592 penore,

341 3609 441 3676 patum
459 3613 485 3657 at
497 3621 552 3676 per
569 3605 717 3676 Imperium
735 3605 813 3659 —H.
934 3611 963 3657 ut
980 3603 1080 3660 labari.
1113 3607 1146 3659 In
1163 3620 1217 3659 uno
1230 3606 1270 3659 M.
1285 3606 1406 3663 habetur

346 3689 376 3741 P.
381 3705 437 3760 per
445 3687 582 3760 Populum
600 3690 812 3762 etImperiatum
933 3705 990 3756 suo,
1009 3690 1080 3758 quod
1098 3690 1193 3744 abesse
1211 3691 1315 3759 nequit.

306 3773 327 3807 ³⁴
345 3773 377 3826 F.
395 3774 426 3826 P.
452 3775 578 3829 omittunt
590 3776 768 3847 paternitatis
787 3781 814 3829 at
950 3790 987 3828 ex
1004 3773 1106 3829 ultimis
1123 3775 1161 3828 ad
1176 3773 1282 3830 Nicom.
1300 3776 1405 3832 habent

347 3859 434 3913 altera
451 3861 500 3915 sud
518 3861 619 3915 ambitu
932 3865 988 3913 tam
1005 3876 1085 3914 manu
1111 3859 1206 3928 scripti
1230 3877 1312 3928 quam
1332 3863 1404 3933 typis

306 3945 329 3978 33
345 3944 377 3996 F.
393 3945 421 3997 io
438 3952 568 4014 quantum
581 3944 699 4016 dujusm.
718 3945 815 4000 debent
933 3945 1055 4013 expressi
1073 3944 1156 4013 antiq.
1180 3976 1214 3985 -
1232 3945 1348 4001 Recent.
1367 3963 1404 4002 ea

347 4059 379 4068 —
408 4029 440 4082 L.
463 4030 497 4086 V.
519 4032 547 4083 iu
577 4036 707 4099 quantum
730 4028 814 4100 liujus
934 4028 1027 4084 ultimo
1046 4029 1084 4084 ad
1100 4028 1161 4084 Nic.
1446 4018 1451 4053 ¹

348 4166 371 4199 ²⁸
384 4163 481 4218 Verbis
492 4164 775 4234 „praedicamentum⁴⁴
785 4169 812 4219 et
823 4167 944 4232 ‚‚genus“
955 4164 1033 4232 quasi
1043 4165 1189 4235 synonimis
1199 4165 1285 4219 utitur
1295 4172 1403 4221 auctor.

279 4233 303 4264 ⁴⁴
320 4234 511 4286 Anrsrorunns
528 4233 657 4287 Ethioa
674 4233 804 4288 Nicom.
822 4233 881 4288 Lib.
901 4232 934 4285 X.
960 4248 1019 4303 cap.
1038 4241 1062 4288 5.
1087 4233 1158 4299 (lect.
1177 4238 1212 4293 8.)
1231 4235 1328 4288 transl.
1347 4240 1403 4290 unt.
