2910 4876
369 318 503 372 DANTIS
521 317 741 373 MONARCHIA
757 318 804 370 ΠΙ.
824 318 852 372 G.
871 323 894 370 t.
1131 315 1190 378 109

76 491 237 557 evidenter
264 491 431 575 probatur,
464 489 538 557 lieet
568 490 765 572 Magister
793 490 983 556 contrarium
1013 490 1131 558 dixerit
1159 493 1193 558 in

74 599 192 674 quarto.

156 692 281 759 Scimus
304 693 416 776 etiam,
440 693 526 774 quod
548 693 684 760 vicarius
706 694 843 760 hominis
864 715 928 759 non
945 695 1190 782 aequivalere,

74 802 224 877 quantum
246 796 279 859 in
302 796 363 861 hoe
389 794 475 876 quod
496 795 634 861 vicarius
663 800 726 880 est,
756 796 830 877 quia
859 816 951 862 nomo
979 802 1087 882 potest
1114 799 1191 866 dare

74 897 158 978 quod
180 918 272 963 suum
294 917 357 963 non
380 902 438 963 est.
476 897 658 964 Auctoritas
679 897 864 981 principalis
884 918 949 964 non
970 904 1018 965 est
1039 900 1191 986 principis
1210 915 1242 966 ao

73 1000 129 1065 nisi
146 999 191 1064 ad
205 1018 306 1082 usum,
329 998 525 1080 quianullus
540 999 687 1084 prinecps
705 999 845 1084 seipsum
860 1000 1055 1068 auctorizare
1069 1008 1190 1087 potest;

72 1102 215 1186 recipere
243 1105 351 1166 autem
378 1105 500 1186 potest,
529 1107 625 1182 atque
654 1100 826 1184 dimittere,
861 1100 919 1167 sed
951 1103 1051 1168 alium
1085 1124 1191 1171 creare

71 1222 132 1269 non
155 1206 278 1287 potest,
302 1202 377 1284 quia
401 1203 518 1269 creatio
541 1202 693 1287 principis
715 1224 758 1268 ex
779 1202 922 1287 principe
944 1225 1007 1270 non
1022 1204 1191 1290 dependet.

70 1303 167 1383 Quod
189 1303 217 1369 si
238 1304 284 1368 ita
307 1309 371 1388 est,
395 1305 595 1370 manifestum
611 1309 673 1388 est,
697 1303 783 1386 quod
804 1306 909 1369 nullus
924 1305 1072 1390 princeps
1086 1312 1193 1390 potest

65 1405 131 1471 sibi
162 1406 353 1471 substituere
382 1406 535 1472 vicarium
562 1406 595 1470 in
618 1405 763 1472 omnibus
792 1407 1063 1493 aequivalentem
1094 1428 1192 1491 quare
1211 1424 1242 1477 35

63 1504 225 1573 instantia
245 1509 367 1572 nullam
389 1507 563 1574 efficaciam
585 1506 692 1573 habet.

523 1698 643 1772 [curor
665 1697 747 1771 vni]

158 1829 240 1894 Item
274 1829 445 1894 adsumunt
477 1828 517 1895 de
549 1829 643 1893 litera
672 1829 816 1914 ejusdem
848 1830 930 1895 illud
965 1831 1119 1898 Christi
1152 1834 1195 1899 ad

97 1999 122 2030 ²⁶
140 1997 179 2050 M.
198 1996 331 2067 anr'ster
359 1997 463 2051 dixerit
489 1998 517 2050 io
544 2014 608 2052 coa·
687 1997 711 2030 ²⁹
728 1998 761 2050 A.
780 1999 808 2051 c'n
827 2004 957 2068 quantum
981 2000 1009 2053 in
1031 1999 1083 2055 boc
1100 2031 1133 2040 —
1151 2003 1196 2055 An

143 2082 258 2135 tracium
275 2080 384 2146 (omisso
403 2083 430 2135 iu
449 2089 556 2151 quarto)
575 2113 609 2120 —
729 2084 757 2135 in
775 2090 907 2152 puuctum
925 2082 995 2137 boc?

141 2165 175 2218 H.
187 2167 259 2237 May.
278 2172 364 2221 cono.
380 2166 440 2221 dtu.
459 2168 487 2220 io
504 2172 610 2221 scoten-
687 2167 718 2232 ²⁰,
730 2167 753 2199 ³⁰
768 2167 834 2222 Cod.
856 2169 893 2221 M.
912 2168 1010 2222 omittit
1027 2172 1093 2239 quta
1117 2187 1195 2226 cremo

144 2252 188 2304 tiis
205 2281 239 2288 —
254 2251 287 2303 Δ.
305 2250 381 2322 Map.
401 2257 485 2306 contr.
505 2252 562 2306 disc.
581 2253 609 2306 io
723 2259 816 2322 potest
832 2252 983 2322 durequod
998 2271 1076 2307 suum
1087 2261 1197 2310 nonest

145 2333 258 2389 Christo.
294 2365 327 2374 -
362 2335 395 2391 F.
420 2335 496 2406 Mcp.
523 2342 609 2390 contr.
687 2338 711 2370 ³²
728 2337 818 2391 Verba
844 2339 965 2408 recepere
991 2343 1081 2392 cutem
1102 2345 1196 2410 potest

143 2420 244 2474 diceret
262 2421 289 2473 r'n
309 2436 354 2489 qo.
729 2422 829 2475 absunt
845 2437 862 2474 a
880 2422 938 2476 cod.
956 2423 1014 2476 Pal.

102 2504 134 2570 ¹²⁸,
149 2503 173 2535 ²⁰
190 2503 282 2557 Verba
300 2504 407 2559 Scimus
423 2506 517 2570 ctione,
536 2505 611 2575 qood
688 2506 711 2538 ³⁵
728 2504 766 2557 M.
783 2506 836 2559 sr'br'
851 2508 990 2560 sumittcrc
1006 2509 1137 2563 uicarium

143 2589 262 2642 vicarios
295 2587 412 2643 bominis
437 2607 492 2644 ooo
518 2593 610 2661 aequi·
747 2592 780 2642 A.
799 2590 830 2642 L.
857 2590 887 2643 P.
905 2595 934 2644 et
951 2591 1008 2645 edd.
1034 2597 1102 2647 antt.
1129 2596 1196 2664 quio

144 2673 215 2727 volet
232 2674 266 2740 ct,
284 2682 415 2742 quantum
433 2676 461 2728 io
476 2675 612 2745 hocquod
730 2676 860 2729 instantio
877 2707 910 2714 —
924 2676 1053 2731 Nostram
1071 2680 1195 2737 emenda-

145 2758 265 2812 or'ccrios
287 2763 328 2811 est
350 2775 406 2813 non
429 2759 565 2814 habentur
582 2761 612 2814 iu
730 2760 844 2824 ttonem,
869 2760 1024 2817 Fraticellio
1046 2764 1197 2831 probatam,

146 2843 205 2896 cod.
216 2843 249 2896 V.
260 2871 292 2881 -
303 2843 394 2897 Solum
412 2843 520 2899 Scimus
534 2845 612 2899 abest
730 2844 880 2898 firmantF.
891 2845 925 2898 H.
943 2846 980 2899 M.
990 2847 1022 2901 V.
1042 2854 1068 2901 et
1084 2848 1197 2903 Ficinus

144 2927 238 2982 acod.
257 2927 291 2980 H.
664 2929 728 2997 Cap.
755 2928 829 2982 VIII.
876 2932 883 2962 ¹
910 2930 941 2982 F.
976 2932 1009 2986 dc
1042 2932 1080 2986 ln.
1110 2933 1198 3004 ejusd.

731 3012 837 3068 Motbcc'

145 3148 169 3180 ²⁶
187 3147 298 3202 Puruus
315 3149 489 3202 Leuctricus
508 3148 647 3216 <Magister
665 3150 869 3216 sententiarum)
886 3150 932 3204 lib.
948 3151 993 3205 IV.
1011 3152 1074 3207 dist.
1094 3158 1118 3209 e.
1137 3157 1152 3220 ᾗ
1172 3158 1196 3208 2.

74 3216 329 3282 „Ministerium
356 3216 512 3286 baptizandi
538 3217 614 3270 dedit
637 3216 759 3271 Christus
784 3219 882 3280 servis,
911 3219 958 3272 sed
987 3226 1198 3288 potestatem

73 3283 129 3339 sibi
146 3284 264 3347 retinuit,
283 3300 371 3352 quam,
391 3285 519 3350 similet,
536 3290 644 3352 poterat
661 3287 744 3340 serris
762 3286 827 3341 dare
846 3327 958 3342 .....
986 3289 1033 3342 sed
1051 3290 1145 3356 noluit,
1164 3306 1197 3344 ne

74 3368 171 3407 servus
188 3352 216 3405 in
235 3367 311 3407 servo
330 3368 404 3421 spem
421 3356 560 3422 poneret.“
596 3358 612 3419 ξ
631 3359 654 3407 3.
691 3353 850 3420 Quaeram,
874 3371 943 3423 quae
960 3356 995 3410 sit
1011 3358 1059 3410 illa
1076 3361 1197 3425 potestas

76 3419 216 3488 baptismi
236 3421 456 3487 quemchristus
475 3421 527 3475 sibi
543 3421 669 3487 retinuit,
688 3428 715 3474 et
732 3423 823 3490 potuit
842 3424 906 3477 dare
924 3425 1015 3478 serris.
1054 3425 1129 3479 Haec
1147 3430 1196 3491 est,

76 3492 108 3542 ut
126 3487 233 3555 plurimi
250 3488 352 3555 volunt,
370 3495 491 3557 potestas
501 3489 652 3543 dimittendi
689 3497 782 3544 cecata
799 3493 826 3544 iu
844 3493 879 3545 ba
899 3491 990 3552 tismo;
1010 3492 1058 3545 sed
1076 3497 1197 3561 potestas

77 3554 230 3610 dimittendi
247 3560 374 3624 peccata,
394 3558 506 3636 quaein
524 3557 582 3611 Deo
601 3563 655 3624 est,
701 3574 749 3612 eus
767 3564 816 3612 est.
856 3559 869 3611 I
890 3575 919 3613 eo
938 3560 983 3612 elii
1000 3559 1106 3625 dicunt,
1124 3561 1196 3615 hane

76 3629 240 3694 potestatem
258 3640 312 3678 non
330 3631 451 3693 potuisse
468 3625 533 3679 dure
549 3625 630 3678 alicui
648 3642 793 3690 servorum,
812 3627 876 3695 quia
893 3626 961 3680 nulli
978 3629 1066 3695 potuit
1084 3629 1148 3682 dare
1166 3635 1197 3683 ut

77 3695 152 3747 esset
174 3691 246 3759 quod
269 3693 331 3762 Ipse
354 3699 408 3760 est,
435 3693 530 3748 velut
553 3694 666 3748 haberet
691 3695 835 3749 essentiam
853 3711 931 3762 quam
955 3694 1017 3762 Ipse
1034 3696 1129 3763 habet,
1154 3698 1198 3751 cui

77 3761 148 3814 hoc
166 3765 284 3814 estesse
303 3762 374 3827 quod
392 3778 471 3831 posse
490 3801 599 3815 .....
627 3762 669 3815 Ad
687 3762 759 3831 quod
776 3762 829 3816 dici
845 3768 948 3830 potest,
973 3763 1035 3829 quia
1052 3764 1141 3831 potuit
1158 3766 1197 3821 eIs

78 3829 144 3882 (lare
161 3828 309 3896 potentiam
327 3829 476 3885 dimittendi
492 3832 619 3897 peccata,
638 3847 693 3885 non
710 3836 798 3883 tamen
816 3831 903 3899 ipsam
921 3831 1046 3892 eandem,
1065 3847 1118 3898 quc
1135 3832 1198 3901 Ipse

78 3899 244 3965 potensest,
263 3897 309 3950 sed
327 3900 473 3965 potentiam
492 3902 618 3964 creatam,
637 3914 691 3967 qua
709 3914 801 3952 servus
819 3903 912 3966 posset
921 3899 1054 3953 dimittere
1071 3905 1196 3967 peccata:

79 3981 133 4019 non
151 3970 242 4018 tamen
258 3968 290 4017 ut
308 3970 404 4020 auctor
421 3966 597 4032 remissionis,
617 3966 665 4020 sed
682 3973 713 4019 ut
729 3966 862 4032 minister,
888 3982 939 4020 nec
955 3972 1046 4021 tamen
1064 3969 1121 4021 siue
1139 3969 1197 4024 Deo

79 4039 205 4096 auctore,
230 4037 262 4085 ut
284 4034 355 4087 sicut
377 4034 405 4088 iu
423 4035 570 4089 ministerio
588 4035 670 4088 habet
686 4035 803 4088 exterius
812 4034 1005 4101 sanctificare,
1030 4035 1069 4088 ita
1085 4036 1197 4092 interius

79 4099 224 4154 mundaret
239 4099 298 4155 Deo
318 4105 429 4157 auctore
448 4143 560 4156 .....
584 4102 626 4156 Ita
652 4117 714 4169 ergo
736 4102 825 4170 potuit
848 4102 912 4157 dare
935 4118 1011 4157 servo
1036 4108 1197 4170 potestatem

80 4167 231 4222 dimittendi
248 4177 363 4236 peccata
380 4171 408 4224 in
426 4171 587 4240 baptismo.‘⁴
624 4170 662 4222 ef.
678 4171 804 4224 Turonum
822 4170 991 4233 Aoumurnu
1009 4170 1041 4224 de
1059 4171 1198 4240 RegImine

80 4236 237 4305 Principum
256 4236 284 4289 in
303 4238 371 4307 Opp.
390 4239 469 4293 Antv.
491 4243 563 4293 1612.
585 4239 616 4292 Τ.
635 4237 721 4291 XVII.
739 4238 801 4292 Lib.
819 4238 865 4292 III.
884 4255 942 4307 cap.
964 4246 1002 4292 lb.
1023 4239 1070 4293 Ins.
