2896 4876
239 338 329 392 XLIV
660 333 943 391 PROLEGOMENA.

343 512 381 585 Si
414 511 670 608 suppellectilem
705 511 896 600 literariam,
929 533 991 605 qua
1026 508 1059 579 in
1094 508 1185 579 libris
1223 508 1263 579 de
1297 508 1369 580 blo-

242 639 373 711 narchia
401 639 502 711 utitur
520 649 641 730 noster,
659 636 840 710 accuratius
859 619 1051 732 inspexeris,
1070 659 1136 706 uon
1163 635 1269 707 solum
1296 660 1368 707 arn·

240 768 310 840 bitu
345 767 507 838 minorem
543 790 614 837 eam
651 764 796 836 invenies
830 789 883 854 ea,
924 787 1020 858 quam
1055 763 1087 833 in
1123 761 1276 834 Convivio
1311 764 1369 834 ad·

241 895 360 986 hibuit,
394 892 450 965 sed
479 894 589 965 minor
616 893 712 966 eliam
747 890 779 960 in
808 890 1013 962 citationibus
1047 890 1127 961 fides
1160 903 1193 962 et
1225 891 1368 963 eruditio

241 1035 272 1094 te
307 1045 374 1093 non
411 1021 525 1122 lugiet.
585 1020 691 1091 Taceo
730 1019 850 1090 librum
884 1019 952 1109 „de
986 1018 1119 1089 causis“
1152 1019 1225 1115 plus
1262 1021 1368 1091 semel

240 1147 467 1220 Aristoteli
494 1148 630 1218 erronee
657 1145 827 1219 tributum.
874 1144 1010 1217 Gravius
1037 1159 1095 1236 est,
1121 1145 1224 1240 capite
1251 1145 1368 1241 quinto

240 1276 315 1348 libri
342 1274 476 1346 secundi
505 1274 700 1369 opusculum
727 1271 895 1343 Martini
921 1270 1164 1343 Dumiensis
1188 1271 1368 1363 „Formula

240 1405 395 1475 honestae
428 1402 526 1490 vitae,
563 1402 627 1473 sive
663 1400 703 1471 de
738 1409 875 1495 quatuor
907 1400 1079 1471 virtutibus
1113 1399 1369 1493 cardinalibus“,

241 1531 338 1627 quod,
356 1552 457 1624 quum
472 1526 662 1599 Convivium
685 1525 747 1616 (ΙΙΙ.
761 1525 800 1620 8)
820 1527 986 1618 scriberet,
1004 1551 1070 1598 non
1089 1551 1160 1598 esse
1179 1527 1368 1600 Senecae

240 1657 441 1728 intellexerat
473 1665 603 1746 auctor,
636 1655 696 1726 sub
730 1655 865 1725 nomine
898 1654 1021 1751 antiqui
1057 1655 1143 1727 illius
1179 1654 1368 1751 pbilosopbi

241 1783 374 1856 laudari.
394 1825 443 1834 —
462 1780 557 1876 Pejus
576 1782 672 1853 etiam
691 1780 852 1853 Livium
881 1782 983 1854 citans
1002 1782 1133 1854 erravit:
1162 1807 1229 1854 non
1257 1783 1368 1855 solum

241 1912 341 2000 enim,
360 1935 440 2005 quae
459 1907 611 1979 Orosio
639 1907 808 1998 debentur,
827 1910 947 2004 passim
976 1905 1080 2008 (11.4.
1109 1910 1165 1980 lin.
1186 1909 1245 2000 48,
1272 1908 1310 1982 ΙΙ.
1334 1912 1368 1981 5.

240 2039 297 2109 lin.
330 2039 388 2129 57)
424 2036 578 2107 Patauino
607 2034 758 2106 historiae
780 2033 948 2106 Romanae
976 2036 1125 2132 scriptori
1152 2036 1281 2128 tribuit,
1309 2038 1368 2108 sed

233 2175 274 2236 et
298 2174 562 2236 commentorum
591 2162 688 2233 medii
716 2163 784 2233 aevi
812 2163 938 2234 incusat
966 2162 1014 2252 (ll.
1045 2162 1078 2233 9.
1113 2163 1170 2235 lin.
1191 2165 1251 2255 47)
1276 2166 1369 2236 aurei

241 2293 360 2380 saeculi
390 2301 567 2363 auctorem.
601 2329 602 2336 κ

341 2417 428 2489 Haec
465 2418 574 2488 omnia
613 2415 767 2510 juvenem
808 2416 928 2512 magis,
975 2442 1072 2512 quam
1108 2418 1214 2490 virum
1259 2429 1369 2490 tantae

241 2546 418 2636 doctrinae,
445 2556 597 2641 quantam
625 2545 658 2616 in
678 2545 783 2617 Dante
810 2545 1021 2637 admiramur,
1039 2545 1183 2618 indicare
1201 2547 1366 2619 videnlur.

241 2671 306 2744 Sed
326 2696 366 2742 ne
385 2672 462 2742 illud
492 2673 622 2768 quidem
647 2672 919 2768 praetereundum
946 2682 1005 2764 est,
1019 2658 1186 2744 auctorem
1215 2683 1368 2746 nostrum

240 2809 388 2894 tempore
416 2822 479 2895 qno
498 2798 594 2892 lyrica
622 2797 691 2892 ejus
718 2809 868 2895 poemata
895 2800 958 2871 iam
986 2825 1045 2896 per
1061 2801 1222 2895 integram
1241 2799 1368 2871 ltaliam

241 2925 469 3016 recitabantur,
488 2951 562 3022 quo,
580 2927 779 2998 vastissimae
799 2927 990 2998 eruditionis
1010 2951 1103 3024 opuS,
1126 2938 1262 3023 quatuor
1281 2926 1369 2999 Con-

241 3052 314 3122 vivii
342 3061 505 3143 tractatus,
529 3054 563 3123 in
590 3053 698 3124 lucem
725 3055 923 3150 prodierant,
940 3077 1012 3124 eam
1041 3054 1205 3126 scribendi
1224 3080 1370 3149 causam,

241 3202 282 3250 ne
307 3179 510 3275 „perniciosa
528 3203 646 3273 vorago
673 3204 802 3278 semper
829 3181 1045 3275 ingurgitans,
1063 3193 1095 3252 et
1122 3206 1288 3277 nunquam
1318 3185 1369 3255 in·

241 3307 402 3401 gurgitata
436 3308 642 3378 refundens“
677 3307 855 3399 diceretur,
890 3318 922 3379 et
958 3320 995 3383 nt
1024 3309 1221 3405 „posteritas
1251 3310 1370 3383 babeat

242 3431 306 3530 quo
332 3435 372 3505 ab
399 3458 438 3504 eo
466 3433 612 3504 ditetur“
637 3435 783 3529 proferre
812 3459 876 3505 non
905 3436 1059 3531 potuisse.

344 3560 409 3632 Sed
451 3561 585 3657 propius
628 3562 723 3633 etiam
759 3565 798 3634 ad
831 3574 961 3659 tempus
996 3587 1058 3658 quo
1094 3588 1176 3659 opus
1215 3578 1367 3639 nostrum

242 3688 458 3783 compositum
487 3699 535 3760 est
560 3689 714 3761 accedere
732 3689 854 3761 licebit:
890 3691 979 3775 Quae
1007 3691 1100 3761 initio
1127 3690 1201 3763 libri
1228 3695 1367 3765 secundi

242 3959 341 4016 tamen,
361 3955 395 4010 de
413 3955 516 4010 honore
534 3969 567 4009 ex
587 3955 640 4010 hoc
658 3970 741 4024 opere
759 3957 786 4010 in
805 3971 835 4010 se
852 3959 978 4011 emanata
996 3956 1106 4024 gloriari
1124 3961 1233 4025 poterat
1250 3957 1369 4016 Dantes.

243 4047 284 4102 uf.
302 4047 359 4102 We
366 4048 442 4115 gele
460 4050 477 4103 l.
495 4063 518 4103 e.
536 4065 564 4117 p.
582 4054 638 4103 lot.
656 4049 761 4103 Notat.
780 4079 814 4088 —
833 4048 914 4113 Quod
932 4049 954 4103 si
971 4049 1009 4102 ita
1028 4055 1109 4112 esset,
1127 4055 1200 4105 eerte
1219 4067 1275 4106 non
1292 4052 1369 4108 foret

242 4141 405 4203 mirandum,
428 4141 502 4209 quod
520 4142 637 4196 eundem
655 4143 742 4196 virum
761 4141 872 4195 doctum
891 4146 927 4210 lp.
945 4145 1005 4208 298)
1023 4142 1152 4209 offendit,
1169 4145 1287 4213 vestigia
1304 4145 1368 4202 Mo-

242 4234 367 4288 narchiae
385 4233 412 4286 in
430 4235 531 4302 vulgus
548 4237 671 4303 prolatae
689 4236 735 4290 vix
753 4241 815 4289 ante
834 4241 946 4289 mortem
965 4236 1085 4290 auctoris
1103 4235 1279 4304 deprehendi.
