2896 4876
508 290 791 346 PROLEGOMENA.
1173 293 1212 346 xl

196 467 301 537 Etiam
330 467 490 536 variantes
518 491 536 536 a
564 466 651 536 Zatta
679 478 815 557 notatas,
846 491 982 562 quarum
1006 477 1121 539 ,tamen
1151 478 1213 536 ier·

85 596 168 665 tiam
204 595 272 665 lere
307 603 431 689 partem
460 589 521 691 (27
551 618 589 664 ex
618 590 681 690 91)
714 596 849 664 omnino
883 595 1039 689 neglexit,
1072 595 1104 664 in
1133 618 1212 667 usus

88 747 171 793 snos
199 732 410 810 convertens,
444 731 490 811 et,
525 721 609 816 quod
639 721 854 811 laudandum,
887 745 998 792 eorum
1034 746 1095 817 ope
1127 721 1211 793 baud

89 873 164 918 raro
199 859 322 918 textum
359 848 543 942 corrigens,
571 849 669 938 inire,
709 873 748 919 ne
778 849 882 918 dioarn
919 848 1070 939 ridicule,
1097 850 1214 920 erravit

87 975 245 1046 'Turrino
288 976 396 1058 Quum
418 976 505 1045 enirn
534 976 620 1046 illam
650 977 827 1073 lectionum
855 976 1040 1045 varietatem
1068 977 1101 1046 in
1130 977 1213 1047 libro

91 1103 236 1173 Venetiis
256 1103 417 1196 impresso
438 1102 711 1197 deprehenderet,
739 1113 770 1175 et
789 1127 888 1198 quum
908 1103 1038 1173 aliunde
1065 1104 1162 1174 sciret
1177 1105 1210 1175 in

89 1230 286 1302 bibliotheca
308 1227 468 1299 Marciana
496 1231 664 1325 antiquum
686 1229 890 1301 Monarclriac
918 1231 1083 1325 exenrplar
1110 1255 1209 1303 rnanu

55 1364 56 1367 ’
87 1367 256 1427 exaratum
278 1357 407 1447 servari,
429 1357 499 1427 sine
519 1357 582 1427 ullu
601 1358 648 1427 rei
675 1358 888 1453 exquisitione
907 1381 966 1451 pro
986 1370 1073 1428 certo
1090 1358 1212 1451 habuit,

90 1487 179 1555 buno
208 1484 354 1554 codicem
382 1484 523 1554 eundem
551 1508 622 1555 esse
651 1509 715 1579 quo
743 1484 830 1554 Zatta
858 1509 936 1555 usus
964 1496 1048 1575 erat,
1085 1496 1117 1555 et
1143 1487 1214 1557 ideo

92 1613 212 1683 librum
249 1611 475 1682 Lucensern
521 1611 639 1708 ubique
680 1612 760 1682 dixit
793 1612 1004 1683 Venetunr.
1065 1611 1215 1710 Excipias

91 1739 202 1809 locurn
239 1737 311 1810 Lib.
338 1738 379 1807 lll
407 1763 475 1836 cap.
504 1737 525 1808 3
555 1739 611 1809 lin.
641 1740 706 1829 74,
741 1740 779 1810 ad
809 1763 904 1834 quern
933 1739 1135 1816 Felinianam
1173 1742 1216 1814 le·

90 1866 236 1967 ctionem
260 1865 349 1936 nullo
378 1866 498 1937 codicis
520 1868 652 1937 nomine
671 1865 795 1960 adjecto
814 1864 980 1962 indicai.⁷)
1013 1869 1062 1940 Ne
1081 1872 1113 1941 in
1134 1873 1188 1943 rel
1204 1912 1216 1926 ·

92 1994 205 2064 rendis
234 1993 376 2087 quidem,
396 2017 475 2086 quas
502 1994 626 2065 aZoita
656 2007 820 2066 nruiuatus
848 2006 906 2086 est,
934 1996 1128 2069 lectionibus
1156 2000 1217 2071 fuit

90 2121 284 2192 accuratior.
348 2121 447 2192 Recte
481 2123 567 2192 eninr
597 2122 740 2192 Venetus
774 2123 881 2193 editor
913 2121 984 2193 Lib.
1013 2124 1026 2193 l
1069 2149 1136 2220 cap.
1172 2127 1249 2196 ld*

91 2333 298 2341 ——--—

93 2499 168 2536 cum
188 2487 221 2535 et
238 2481 381 2534 humana
399 2486 500 2535 extra
518 2481 732 2536 voluntatem
748 2497 811 2535 non
827 2481 1035 2550 aliterquam
1050 2484 1217 2552 persigna

92 2581 286 2642 cernatur“;
319 2575 531 2630 voluntatem
558 2575 628 2629 enim
653 2574 754 2628 habent
773 2574 973 2628 Ambrosianus
998 2580 1025 2629 et
1049 2576 1216 2639 Felinianus3

96 2671 218 2722 Venetae
244 2683 311 2720 vero
336 2668 469 2722 editiones
493 2670 668 2723 volentem.
710 2667 807 2735 Neque
835 2668 988 2721 accuratius
1012 2668 1039 2721 in
1063 2664 1118 2722 fine
1137 2675 1218 2726 notae

94 2763 175 2817 lectio
185 2766 278 2816 textus
287 2760 424 2815 Pal-Vat.
434 2763 551 2816 refertur
568 2761 611 2815 hic
621 2760 726 2815 verbis:
738 2760 911 2826 „Lectionem
931 2766 1120 2829 quaeratur
1137 2779 1219 2831 prae-

98 2857 159 2910 buit
182 2856 262 2909 nobis
281 2853 347 2908 Cod.
366 2856 458 2915 Vat.“‚
484 2871 566 2924 quum
591 2870 703 2908 revera
725 2854 751 2906 in
771 2854 823 2906 hoc
846 2854 941 2907 codice
959 2855 1068 2923 integer
1086 2857 1163 2910 locus
1181 2857 1219 2911 ita

96 2951 218 3017 legatur:
247 2963 319 3001 cum
346 2947 444 3002 etiam
469 2950 616 3002 humana
643 2947 796 3014 exempla
819 2948 994 3003 volentem
1024 2966 1090 3003 non
1115 2950 1219 3004 aliter

95 3059 189 3111 quam
207 3057 268 3108 per
294 3041 393 3108 signa
421 3049 589 3109 queratur.
615 3070 647 3079 -
666 3041 724 3095 Lib.
743 3041 782 3094 III
805 3040 903 3108 dape
928 3042 973 3095 lin.
994 3049 1025 3096 111
1048 3044 1118 3097 inter
1135 3046 1220 3099 verba

98 3138 202 3190 Deum
222 3150 285 3188 non
305 3133 397 3187 nolle
417 3139 444 3188 et
462 3136 555 3204 quod
573 3141 724 3188 naturae
742 3135 932 3190 intentioni
950 3144 1126 3205 repugnat
1140 3138 1220 3192 Vati-

96 3239 193 3282 canum
212 3228 275 3292 ,‚id·'‘
294 3227 395 3281 addere
414 3230 450 3280 ait
461 3229 581 3293 Tunius,
601 3229 684 3297 quod,
702 3244 784 3297 quum
803 3229 957 3284 Kochlerus
976 3231 1042 3284 nihil
1061 3232 1220 3302 hujusmodi

96 3321 282 3384 adnotaverit,
304 3335 338 3373 an
361 3336 457 3375 verum
483 3323 531 3383 sit,
556 3323 662 3376 dubito.
688 3353 719 3360 -
744 3323 820 3386 Quae
844 3324 879 3376 de
902 3324 964 3377 loco
982 3325 1042 3378 Lib.
1060 3325 1100 3377 Ill
1127 3341 1186 3393 cap.
1205 3332 1220 3380 3

98 3416 186 3469 linid
204 3413 320 3468 dicenda
338 3419 408 3481 sunt,
424 3416 505 3482 paulo
523 3415 593 3469 infra
611 3416 638 3468 in
656 3421 733 3470 textu
751 3416 909 3470 videbis-
920 3417 1013 3485 Neque
1024 3419 1220 3473 omninumero

98 3514 224 3562 accurate
250 3507 394 3562 lectionem
414 3509 475 3562 cod.
494 3509 670 3562 Palat-Vat.
688 3510 747 3563 Lib.
766 3510 806 3563 III
824 3526 882 3578 cap.
905 3516 933 3565 16
963 3511 1007 3564 lin.
1031 3516 1057 3563 11
1079 3517 1107 3564 et
1123 3512 1168 3564 lin.
1188 3516 1217 3564 21

99 3601 180 3655 refert
197 3601 319 3666 Turnus,
329 3600 421 3656 dicens
435 3607 551 3670 utroque
569 3603 631 3655 ioco
648 3618 744 3656 vocem
763 3583 1095 3670 incorruptibilium
1115 3603 1220 3670 deesse,

99 3710 180 3761 quum
199 3701 254 3747 tam
272 3695 316 3748 bic
334 3711 415 3765 quam
434 3695 487 3749 illic
506 3696 586 3749 etiarn
605 3701 670 3759 „et“
690 3696 867 3750 desideratur.
887 3697 1014 3749 -Idem
1035 3696 1105 3749 circa
1123 3697 1168 3750 lin.
1189 3702 1219 3751 82

99 3788 221 3857 ejusdem
249 3787 344 3862 capitis
362 3790 447 3843 verba
478 3790 516 3842 ita
535 3795 681 3856 concepta:
711 3791 844 3855 unitura
866 3792 900 3842 in
925 3789 1144 3854 multiplices
1167 3791 1220 3844 al-

102 3897 183 3935 veos
207 3881 340 3947 influit,
367 3882 585 3948 dicendumst,
609 3883 655 3936 ubi
674 3883 786 3936 Turrius
805 3883 962 3950 simpliciter
980 3886 1070 3946 notat,
1097 3883 1220 3937 codicem

100 3974 187 4029 Vatic.
205 3974 275 4028 inter
292 3975 513 4043 multiplices
531 3982 559 4028 et
582 3976 702 4029 alveos
720 3977 821 4030 addere
842 3974 946 4039 alios,
974 3989 1056 4041 quum
1076 3991 1141 4029 vera
1159 3978 1220 4046 eJus

103 4067 163 4121 libri
181 4067 262 4120 lectio
281 4066 314 4119 sit
332 4068 454 4121 unitur
472 4068 503 4121 in
523 4068 853 4136 multiplicationes
873 4069 960 4122 alios
978 4067 1108 4122 alveos.

97 4206 99 4211 ’
186 4186 205 4250 7t
224 4184 294 4238 Vide
315 4190 403 4239 tamen
424 4187 563 4241 Addenda
580 4205 607 4255 p.
631 4193 684 4242 180.
