2896 4876
253 338 276 388 L

669 337 955 396 PROLEGOMENA.

258 511 288 580 in
318 531 474 609 quantum
499 513 609 604 sciam,
628 523 677 585 est
694 513 808 584 Frater
827 513 931 587 Guroo
949 515 1133 607 vuarinus,
1150 516 1382 610 Ariminensis,

257 639 389 713 Ordinis
415 639 689 730 Praedicatorum‚
707 639 739 711 iu
768 642 926 736 opusculo
953 667 1039 713 anno
1061 633 1157 714 ‘1327
1186 645 1384 741 conscript0,

256 780 287 839 et
307 767 451 841 Gratiolo
478 768 517 839 de
536 765 742 861 Bambajolis‚
761 768 879 838 nobilis
898 766 1092 841 Communis
1110 769 1276 841 Bononiae
1295 770 1382 842 Gan·

256 894 397 986 cellario,
423 905 621 984 consecrato,
647 892 740 987 cujus
767 894 800 964 in
829 895 933 986 unica,
959 920 1059 992 eaque
1087 921 1104 966 e
1127 896 1238 967 codice
1266 921 1383 969 mann·

254 1022 373 1116 scripto
402 1021 612 1094 bibliothecae
641 1023 829 1092 monasterii
857 1021 1036 1094 Classeusis
1062 1047 1163 1120 prope
1190 1023 1381 1097 Ravennam

254 1147 413 1239 desumta‚
440 1147 582 1219 editione
609 1148 722 1220 titulus
750 1148 801 1219 bic
828 1161 892 1222 est:

612 1273 648 1344 ll.
690 1273 846 1347 Guidonis
881 1276 1021 1348 Vernani

701 1403 918 1474 Ariminensis

630 1524 760 1599 Ordinis
786 1528 1001 1600 Praedicator.

524 1654 571 1724 lle
601 1664 757 1750 potestate
791 1657 913 1728 summi
940 1656 1107 1728 Pontificis

801 1795 833 1853 et

547 1908 602 1981 Dc
628 1909 854 2004 reprobatione
872 1908 1077 1981 Monarchiae

708 2038 908 2133 compositae

530 2189 547 2234 a
574 2163 678 2234 [laute
703 2162 882 2257 Alligberio
902 2162 1091 2234 Florentino

676 2290 845 2361 Tractatus
872 2289 937 2361 duo

503 2440 591 2488 nunc
633 2417 776 2513 primum
812 2418 846 2488 in
885 2417 992 2490 lucem
1030 2417 1116 2489 editi.

570 2673 737 2744 Bononiae
763 2670 1052 2744 nnuuxxxxvl.

289 2799 372 2895 apud
401 2799 562 2871 Tlromam
591 2798 673 2891 Geli,
699 2825 738 2871 ex
765 2810 889 2896 typogr.
917 2800 951 2872 S.
981 2800 1126 2872 Thomae
1152 2799 1337 2894 Aquinatis.

347 2925 385 2997 ln
412 2928 483 3022 ipso
512 2925 608 3020 hujus
637 2926 785 3022 opusculi
813 2911 1000 3022 primordio
1019 2928 1153 3021 legitur:

297 3054 385 3126 lnter
412 3079 485 3126 vasa
512 3054 688 3143 mendacis,
714 3063 746 3123 et
771 3054 945 3149 perniciosi
971 3055 1074 3126 Patris
1102 3055 1274 3145 mendacii,
1300 3057 1373 3152 qui·

296 3184 371 3255 dam
398 3182 459 3254 fuit
479 3180 579 3252 multa
598 3181 765 3252 fantastice
784 3181 958 3276 poetizans,
982 3193 1014 3253 et
1031 3182 1184 3278 Sophiste
1201 3181 1371 3274 verbosus,

296 3310 401 3381 verbis
429 3306 642 3379 exterioribus
670 3307 912 3404 ineloquentia
941 3310 1049 3381 multis
1077 3319 1197 3403 gratus
1224 3309 1369 3404 quisuis

297 3435 430 3532 poeticis
457 3434 703 3506 fantasmatibus
730 3444 761 3504 et
787 3435 952 3530 tigmentis
974 3434 1082 3530 junxit
1105 3435 1240 3507 verbum
1260 3434 1370 3507 Philo·

295 3563 439 3660 sophiae,
457 3560 606 3632 Boetium
633 3562 840 3653 consolantis,
864 3575 897 3634 et
914 3563 1072 3635 Senecam
1101 3562 1185 3634 intra
1203 3562 1369 3635 Ecclesias

294 3688 497 3780 adducendo,
523 3711 589 3758 non
617 3689 724 3760 solum
751 3700 901 3784 aegrotos
927 3691 1065 3782 animos,
1089 3691 1145 3762 sed
1173 3691 1270 3762 etiam
1291 3691 1368 3763 Stu-

294 3818 403 3889 diosos
443 3814 592 3888 dulcibus
626 3814 822 3910 Syrenarnm
858 3817 1005 3890 cantibus
1042 3817 1195 3889 conducit
1234 3818 1367 3890 fraudu·

293 3944 397 4015 lenter
429 3929 469 4014 ad
502 3943 669 4014 interitum
705 3944 887 4015 salutiferae
920 3945 1070 4016 veritatis.
1124 3944 1365 4017 praetermissis

292 4081 400 4143 autem
428 4069 498 4142 aliis
524 4070 627 4167 ipsius
645 4071 797 4167 operibus
816 4095 890 4142 cum
911 4071 1074 4167 despectu,
1102 4072 1266 4168 quoddam
1295 4071 1364 4167 ejus

293 4196 464 4293 scriptum,
490 4197 575 4293 quod
595 4197 814 4270 Monnncnmn
840 4198 942 4270 voluit
965 4198 1137 4294 appellare,
1163 4199 1237 4297 quia
1265 4199 1297 4269 in
1327 4223 1363 4270 ea
