2910 4876
321 306 461 362 DANTIS
480 308 699 363 MONARefflA
715 309 764 365 HL
784 309 812 364 G.
834 316 872 366 16.
892 313 955 376 (15.)
1144 307 1203 368 139

86 480 282 546 circulationi
297 486 462 563 sequatur;
486 500 617 546 necesse
639 486 688 546 est
702 480 746 546 ad
760 480 829 565 boc,
852 486 887 547 ut
908 482 1001 547 utilia
1017 481 1206 548 documenta

85 581 243 648 libertatis
266 587 297 648 et
318 582 409 666 pacis
432 582 597 649 commode
619 582 699 649 locis
728 588 760 648 et
782 584 978 666 temporibus
1007 585 1206 668 applicentur
1224 605 1255 656 65

87 684 128 752 de
149 688 292 749 curatore
315 684 393 767 isto,
424 684 603 770 dispensari
632 685 672 750 ab
702 685 779 767 Illo,
810 685 864 767 qui
889 687 1022 751 totalem
1046 689 1206 753 coelorum

87 785 329 870 dispositionem
350 786 607 871 praesentialiter
633 787 778 853 intuetur.
823 787 884 852 Hic
912 793 1019 852 autem
1049 794 1097 853 est
1120 791 1207 855 solus

87 888 161 972 Ille,
192 887 246 969 qui
267 886 349 952 hanc
370 888 626 971 praeordinavit,
655 893 690 952 ut
719 909 777 973 per
804 889 907 974 ipsam
933 890 1005 974 Ipse
1033 891 1206 975 providens

87 989 152 1055 suis
175 988 338 1055 ordinibus
361 1009 507 1071 quaeque
529 994 737 1056 connecteret.

170 1090 264 1172 Quod
286 1090 314 1156 si
335 1091 382 1154 ita
404 1097 461 1175 est,
484 1093 571 1161 solus
593 1092 683 1173 eligit
704 1093 808 1176 Deus,
831 1094 918 1158 solus
939 1094 1009 1178 ipse
1032 1092 1204 1178 confirmat,
1224 1098 1256 1147 70

87 1212 183 1274 quum
206 1193 400 1275 superiorem
414 1214 479 1259 non
497 1192 623 1259 habeat.
660 1193 710 1257 Ex
734 1214 795 1275 quo
811 1194 922 1260 haberi
938 1200 1043 1276 potest
1065 1196 1206 1279 ulterius,

87 1294 173 1375 quod
199 1314 258 1359 nec
285 1294 340 1359 isti
368 1295 423 1376 qui
451 1315 547 1378 nunc,
582 1316 642 1362 nec
669 1295 726 1360 alii
756 1296 982 1379 cujuscumque
1014 1297 1101 1363 modi
1131 1296 1208 1363 dicti

86 1396 204 1461 fuerint
233 1396 460 1480 Electores,
491 1397 537 1462 sic
566 1396 695 1464 dicendi
723 1404 810 1480 sunt,
847 1397 923 1478 quin
952 1397 1058 1482 potius
1087 1396 1205 1463 denun-

88 1498 221 1564 ciatores
244 1496 373 1563 divinae
395 1499 617 1583 providentiae
640 1506 713 1566 sunt
734 1498 883 1565 habendi.
929 1498 1022 1565 Unde
1044 1498 1096 1582 fit,
1121 1498 1207 1580 quod

87 1598 258 1681 aliquando
280 1599 444 1683 patiantur
473 1601 656 1686 dissidium,
686 1601 801 1684 quibus
830 1600 1043 1667 denunciandi
1066 1599 1205 1683 dignitas
1224 1603 1255 1653 75

88 1705 136 1768 est
158 1700 295 1766 indulta:
318 1701 371 1767 vel
395 1702 470 1784 quia
493 1724 611 1787 omnes,
635 1705 688 1770 vel
704 1703 779 1785 quia
795 1701 925 1784 quidam
948 1723 1065 1784 eorum,
1088 1702 1207 1768 nebula

87 1802 269 1888 cupiditatis
292 1803 501 1888 obtenebrati,
525 1805 655 1871 divinae
671 1804 918 1890 dispensationis
934 1804 1049 1870 faciem
1063 1824 1128 1870 non
1143 1802 1206 1868 dis-

87 1911 225 1971 cernunt.

171 2007 225 2073 Sic
253 2027 328 2090 ergo
358 2012 464 2092 patet,
495 2009 580 2090 quod
603 2010 774 2076 auctoritas
795 2008 982 2094 temporalis
1004 2007 1206 2090 Monarchae,

86 2110 154 2176 sine
182 2109 248 2174 ullo
277 2111 398 2195 medic,
428 2112 462 2175 in
491 2111 595 2196 ipsum
618 2111 658 2177 de
686 2111 774 2177 fonte
795 2109 985 2176 universalis
1008 2107 1207 2174 auctoritatis
1225 2114 1257 2164 80

86 2210 259 2277 descendit.
304 2212 366 2291 Qui
389 2213 518 2294 quidem
539 2213 627 2296 lons,
653 2213 686 2276 in
707 2232 781 2277 arce
804 2231 881 2277 suae
903 2209 1117 2293 simplicitatis
1139 2208 1205 2273 uni·

86 2319 151 2398 tus,
174 2313 208 2377 in
229 2313 422 2398 multiplices
446 2317 557 2380 alveos
578 2313 682 2379 influit
705 2335 745 2380 ex
767 2312 964 2377 abundantia
986 2310 1147 2377 bonitatis.

170 2415 212 2479 Et
229 2414 299 2498 jam
322 2415 400 2479 satis
423 2416 548 2500 videor,
572 2421 688 2483 metam
705 2415 860 2497 adtigisse
882 2413 1088 2498 propositam.
1122 2411 1206 2475 Enu-

113 2618 136 2650 Μ
152 2617 237 2670 Editt.
269 2616 475 2671 cirearalatr'oai.
501 2617 621 2686 Uterque
698 2617 722 2648 ⁷²
738 2617 771 2669 A.
790 2616 836 2669 isti
852 2615 901 2684 qai
917 2630 989 2667 iturae
1006 2620 1070 2666 secret

154 2702 299 2756 translator
334 2701 500 2756 universalia
539 2703 621 2757 dora·
699 2701 722 2734 ⁷³
739 2700 810 2754 Edd.
836 2705 932 2753 contra
955 2698 1107 2752 unanimem
1132 2696 1205 2750 codi-

153 2790 243 2838 aaeata
260 2784 392 2840 libertatis
403 2786 499 2853 legisse
507 2786 619 2840 videtur.
740 2801 800 2839 cum
811 2800 972 2838 consensum
982 2783 1104 2837 etFicini
1112 2787 1205 2840 aucto·

114 2871 137 2902 ⁶⁰
155 2868 297 2937 Sequimur
318 2871 471 2924 unanimem
499 2871 621 2925 codicum
740 2870 849 2924 ritatem
876 2871 918 2933 (ae
944 2868 1010 2922 altri
1035 2866 1083 2922 abe
1106 2868 1162 2920 arai
1183 2867 1208 2920 si

154 2969 325 3009 consensum.
357 2954 433 3009 Unus
451 2955 482 3011 P.
499 2972 548 3023 pro
566 2954 621 3008 Illo
740 2956 814 3008 siena
832 2955 900 3007 detti
908 2953 1049 3019 Elettorii:
1067 2953 1134 3007 dieti
1144 2958 1207 3006 suat
1253 3019 1255 3023 y

153 3039 236 3093 habet
253 3038 316 3092 alio.
340 3069 373 3076 -
396 3039 507 3094 Ficinus
529 3041 553 3104 (e
576 3057 621 3093 ne·
741 3039 880 3094 Electores

153 3126 271 3180 cessario
282 3162 289 3175 .
300 3164 343 3177 ...
370 3122 419 3179 alte
445 3130 539 3194 questo
558 3163 621 3178 ....
700 3125 722 3157 ⁷⁴
740 3123 807 3177 Edd.
827 3124 910 3191 antiq.
936 3123 1144 3177 deurrrraiatores
1167 3121 1207 3176 rii-

153 3208 332 3281 Iraperaclare
352 3210 395 3263 sia
417 3209 454 3263 da
473 3209 551 3264 Calui
566 3209 622 3280 spi·
740 3210 820 3262 viriae
830 3209 995 3279 purulentiae

153 3300 214 3348 rato
231 3295 298 3362 ecc.)
311 3311 359 3365 pro
379 3294 533 3364 dispensari
548 3294 621 3348 vide·
699 3295 721 3327 ⁷⁶
739 3293 773 3346 H.
784 3293 857 3348 balla
874 3293 1032 3364 cupiditatis
1041 3291 1209 3348 obtenebrati

154 3382 199 3430 tur
216 3379 311 3446 legisse
330 3380 464 3450 inspirari
479 3409 513 3416 —
534 3377 620 3432 Editt.
700 3379 723 3412 ⁸⁰
740 3379 772 3433 V.
791 3380 819 3432 ia
837 3379 924 3449 prata
943 3378 997 3432 Dei
1010 3377 1115 3445 foralem

155 3462 335 3531 applicentur,
355 3465 407 3517 ista
417 3463 574 3535 dispensari
588 3464 622 3519 ab
759 3464 789 3516 P.
808 3462 969 3517 arriversalis
986 3461 1128 3531 diqreitatis

156 3544 203 3599 illo
216 3553 342 3601 curatore
354 3550 404 3617 qai
415 3554 460 3603 tot.
471 3579 504 3588 —
513 3548 622 3602 Mallem
700 3548 722 3581 ⁸¹
740 3549 772 3605 F.
784 3549 811 3602 ia
821 3547 934 3601 aureola
943 3562 1009 3600 suae
1026 3545 1209 3616 siraplicitatis

156 3645 247 3684 arur.
266 3631 326 3694 isto,
343 3649 375 3685 ea
394 3632 463 3703 disp.
701 3634 723 3666 ⁸²
740 3633 772 3686 P.
797 3634 891 3686 unitur
919 3632 947 3684 ia
971 3631 1209 3701 multiplicationes

114 3716 136 3748 ⁰⁷
153 3714 186 3770 F.
225 3715 344 3769 totaliter
385 3718 512 3770 intuetur.
561 3717 624 3773 Hoc
742 3717 812 3771 alios
829 3717 919 3770 alveos

156 3807 245 3854 autem

115 3884 138 3917 ⁶⁸
155 3884 338 3948 Recentiores,
356 3885 446 3939 nescio
456 3902 509 3955 qua
519 3886 623 3941 ratione

156 3968 238 4035 ducti,
252 3968 379 4022 omittunt
397 3968 469 4040 Ipse,
487 3971 622 4039 quodiam

156 4053 234 4107 codd.
252 4053 365 4121 habent,
384 4069 463 4121 quam
482 4055 556 4110 editt.
575 4071 622 4110 an·

156 4138 254 4207 tiquae.

116 4223 140 4256 ⁶⁹
156 4222 190 4275 V.
209 4239 333 4293 quaeqae
350 4225 499 4279 corraderet

692 3802 694 3805 ’
759 3802 873 3865 divinae,
885 3800 956 3869 quod
965 3805 1027 3868 post
1040 3799 1208 3861 abaredaatia

743 3887 870 3940 bonitatis
894 3885 996 3939 addunt
1013 3884 1097 3948 editt,
1121 3900 1207 3953 neque

740 3969 768 4023 in
788 3970 864 4024 codd.
883 3971 1012 4035 habetur,
1030 3985 1116 4038 neque
1134 3969 1207 4037 apud

741 4054 866 4108 Ficinum
884 4059 911 4108 et
927 4055 1038 4123 interpr.
1057 4071 1137 4109 anon.

701 4141 723 4173 ⁸³
742 4140 805 4194 Cod.
825 4140 883 4195 Pal.
902 4141 964 4195 novi
982 4141 1078 4210 capitis
1101 4141 1207 4194 initium

672 4287 673 4290 Ἴ
742 4224 860 4278 indicare
877 4225 990 4280 ridetur.
