2902 4874
250 292 290 353 50
545 293 680 348 DANTlS
698 292 916 348 MONARCHIA
933 292 967 346 Π.
986 293 1016 347 O.
1035 298 1059 346 4.

249 466 326 532 dine
363 466 584 552 proturbante,
625 465 761 531 victores
797 464 963 531 victoriam
1002 465 1093 546 sequi
1124 485 1189 531 non
1219 466 1375 550 potuisse,

251 567 392 634 Livius
414 567 448 631 in
470 568 556 633 bello
577 567 697 633 Punico
719 567 801 632 inter
824 567 889 632 alia
910 571 1003 647 gesta
1025 567 1204 633 conscribit.

336 671 449 736 Nonne
470 669 621 734 transitus
644 668 828 735 Cloeliae
850 668 1006 734 mirabilis
1027 668 1100 751 tuit,
1131 689 1227 750 quum
1249 670 1376 757 mulier,

201 775 234 826 50
252 791 411 856 quumque
440 771 567 855 captiva
594 770 628 834 in
657 768 822 837 obsidione
851 772 1026 853 Porsenae,
1056 771 1200 855 abruptis
1227 770 1376 856 vinculis,

251 876 331 942 miro
354 872 418 938 Dei
439 872 559 938 auxilio
581 871 708 956 adjuta,
737 871 949 937 transnatavit
971 871 1128 954 Tiberim,
1158 872 1240 938 sicut
1263 893 1375 940 omnes

251 976 317 1043 tere
338 974 462 1041 scribae
483 975 646 1040 Romanae
675 973 721 1038 rei
749 971 793 1038 ad
814 973 949 1054 gloriam
978 973 1079 1055 ipsius
1102 976 1373 1042 commemorant?

337 1076 392 1143 Sic
412 1077 507 1142 Illum
528 1094 656 1160 prorsus
671 1075 796 1159 operari
820 1073 970 1157 decebat,
994 1074 1048 1156 qui
1071 1080 1184 1140 cuncta
1206 1076 1265 1141 sub
1289 1075 1373 1142 ordi-

251 1181 301 1246 nis
322 1175 558 1265 pulchritudine
572 1176 614 1241 ab
630 1180 759 1242 aeterno
781 1176 936 1261 providit,
960 1181 1010 1258 ut,
1035 1176 1104 1258 qui,
1128 1177 1282 1262 visibilis,
1307 1184 1375 1244 erat

202 1285 234 1336 55
252 1281 406 1347 miracula
426 1299 484 1362 pro
507 1277 722 1344 invisibilibus
745 1282 940 1360 ostensurus,
963 1276 1069 1362 Idem,
1099 1278 1287 1364 invisibilis,
1316 1301 1375 1365 pro

252 1382 434 1449 visibilibus
455 1381 514 1445 illa
539 1379 729 1446 ostenderet.

718 1553 840 1627 [carun
862 1552 904 1627 v.]

339 1685 525 1765 Quicunque
547 1690 714 1768 praeterea
736 1685 853 1750 bonum
875 1685 1083 1767 Reipublicae
1105 1684 1256 1770 intendit,
1279 1686 1375 1752 tinem

250 1789 332 1874 juris
355 1786 499 1853 intendit.
536 1785 692 1868 Quodque
714 1786 760 1850 ita
782 1790 947 1869 sequatur,
971 1785 1017 1851 sic
1032 1787 1222 1854 ostenditur:
1243 1787 1304 1854 Jus
1326 1795 1375 1855 est

281 1939 304 1972 ⁴⁷
321 1937 355 1991 H.
381 1936 414 1990 V.
432 1967 465 1976 —
491 1937 524 1989 A.
548 1936 581 1991 F.
603 1936 635 1989 L.
658 1936 695 1990 M.
713 1937 742 1990 Ρ.
762 1941 789 1991 et
867 1939 889 1970 ⁵⁵
906 1936 939 1989 Η.
963 1935 1039 1990 Idem
1064 1937 1195 1992 invisibile
1220 1969 1255 1977 —
1282 1938 1314 1991 A.
1333 1938 1375 1993 Id.

323 2021 382 2077 edd.
401 2025 467 2075 antt.
480 2021 662 2092 perturbante
908 2019 1029 2075 visibilis.

281 2107 306 2140 ⁴⁸
323 2107 352 2160 P.
371 2107 464 2162 scribit
866 2107 889 2140 ⁵⁸
906 2106 939 2158 A.
962 2105 994 2159 L.
1016 2106 1050 2159 Η.
1066 2123 1121 2178 pro
1139 2106 1318 2162 invisibilibus

278 2192 303 2224 ⁴⁹
319 2192 352 2246 A.
372 2192 402 2244 L.
421 2191 451 2244 P.
471 2189 582 2246 Cocieee
599 2221 632 2229 —-
655 2190 690 2244 H.
711 2190 788 2246 Colec
923 2191 1019 2246 Totius
1028 2191 1082 2245 loci
1090 2191 1288 2246 restitutionem
1297 2209 1377 2262 quam

321 2306 354 2315 —
372 2276 404 2331 V.
424 2275 532 2331 Cocclee
548 2307 582 2313 -
599 2275 631 2328 In
648 2274 678 2328 P.
696 2280 787 2329 tamen
923 2274 986 2328 olim
1004 2277 1086 2330 talem
1104 2291 1312 2344 proposueram:
1337 2282 1377 2342 at,

323 2359 423 2416 Cloelia
430 2361 502 2415 inter
510 2360 595 2415 lineas
605 2360 789 2414 substitutum.
926 2361 976 2428 qui
991 2360 1103 2416 visibilis
1120 2360 1237 2415 risibilia
1249 2368 1311 2416 erat
1328 2363 1376 2415 rni-

282 2448 305 2480 ⁶⁰
322 2446 356 2500 H.
377 2447 409 2500 L.
421 2445 458 2499 M.
473 2445 504 2498 P.
514 2445 630 2500 V.-F.
646 2451 789 2515 qnantum·
925 2445 1022 2499 rccnlc
1028 2462 1085 2516 pro
1095 2445 1273 2501 invisibilibus
1288 2452 1376 2501 osten·

322 2547 437 2601 cumque
462 2536 533 2601 cept.
561 2561 596 2569 —
622 2530 654 2582 A.
681 2545 790 2599 quoque
924 2544 1020 2594 surus,
1052 2531 1121 2585 idem
1153 2531 1296 2586 invisibilis
1325 2548 1377 2602 per

323 2623 393 2687 cept.
412 2646 443 2654 -—
462 2614 534 2671 Edd.
551 2622 578 2669 et
595 2615 704 2685 captiua
924 2614 1041 2669 risibilia
1073 2615 1122 2670 ilie
1157 2632 1186 2670 se
1214 2616 1376 2684 ostenderet,

282 2702 304 2734 ⁵¹
323 2700 355 2754 V.
374 2706 401 2753 et
418 2699 494 2754 editt.
512 2699 610 2770 adjuta
628 2698 736 2753 caecilio
922 2698 978 2767 jam
996 2699 1169 2769 rejiciendam
1187 2715 1247 2755 esse
1266 2702 1357 2760 credo,

340 2785 372 2838 F.
390 2784 420 2838 L.
440 2785 471 2837 P.
490 2783 523 2838 V.
542 2785 738 2838 transnavit—
754 2783 788 2836 A.
841 2781 904 2850 Cap.
925 2783 957 2837 V.
994 2784 1055 2837 ²F.
1074 2783 1206 2855 Quodque
1223 2784 1273 2840 ilia
1291 2816 1325 2825 -
1343 2786 1375 2840 F.

324 2871 433 2924 transiit
907 2869 1054 2938 seqnitur,
1072 2885 1150 2936 quam
1177 2869 1322 2925 lectionem
1348 2871 1376 2925 in

282 2955 304 2988 ⁶⁴
321 2954 355 3007 Η.
375 2961 405 3007 ut
423 2955 473 3024 qni
488 2954 592 3008 visibile
609 2957 668 3007 erat
692 2983 712 2990 -
742 2953 789 3006 Fi·
909 2952 968 3007 cod.
979 2953 1011 3006 V.
1021 2953 1139 3008 secunda
1148 2970 1243 3008 manus
1253 2955 1281 3008 in
1293 2972 1375 3025 marg.

324 3039 399 3092 cinus
426 3044 457 3091 nt
483 3040 533 3108 qni
562 3037 704 3092 invisibilis
730 3043 790 3090 erat
909 3038 1026 3091 correxit

323 3122 419 3190 legisse
436 3121 541 3177 videtur

325 3257 348 3289 ⁴⁸
374 3257 466 3310 Minus
488 3256 523 3310 ad
545 3255 623 3309 L1v11
646 3257 736 3310 locum
760 3257 857 3311 XXVI.
890 3263 929 3311 11.
963 3258 1115 3326 respexisse
1145 3265 1212 3326 puto
1236 3266 1377 3316 auctorem

256 3340 336 3394 quam
361 3325 395 3378 ad
414 3324 541 3379 ansmu
559 3325 604 3377 lV.
624 3329 667 3378 lt:
698 3325 768 3390 „Ubi
785 3325 924 3395 expositae
945 3327 1079 3395 utrimque
1097 3326 1168 3380 acies
1186 3328 1375 3393 constiterunt,

254 3394 283 3447 in
300 3399 448 3462 conspectu
463 3393 574 3458 Romae,
591 3393 738 3460 praemium
755 3394 863 3448 victoris
881 3393 1002 3461 futurae,
1025 3399 1118 3449 tantus
1136 3394 1226 3449 subito
1244 3411 1275 3450 se
1291 3397 1380 3452 imber

255 3477 270 3516 e
287 3461 404 3516 nubibus
422 3461 552 3529 grandine
569 3461 667 3515 mixtus
686 3461 792 3529 effudit,
812 3468 842 3516 ut
859 3463 969 3515 turbata
986 3479 1002 3516 a
1048 3463 1106 3526 ina,
1124 3463 1168 3516 vix
1186 3464 1268 3517 armis
1286 3472 1375 3519 reten-

254 3530 298 3597 tis,
321 3530 351 3583 in
368 3545 418 3584 sua
436 3545 465 3583 se
483 3533 574 3583 castra
592 3528 773 3596 colligerentr‘
843 3531 865 3563 ⁵²
883 3531 988 3584 Anaua.
1029 3546 1119 3584 roroa.
1137 3531 1179 3585 De
1196 3532 1259 3586 viris
1277 3532 1375 3588 illustr.

256 3613 315 3666 cap.
337 3602 375 3652 13.
412 3597 531 3652 Orosms
548 3597 567 3650 l.
586 3613 607 3650 c.
627 3596 653 3649 lI
683 3603 705 3650 5.
744 3597 820 3664 „Nisi
837 3598 961 3652 hostem“
980 3598 1145 3665 (Porsenam)
1164 3638 1252 3663 ‚.....
1275 3600 1378 3656 Cloelia

256 3665 406 3721 admirabili
431 3665 588 3720 transmeati
612 3665 729 3720 fluminis
755 3665 870 3720 audacia
896 3667 1085 3734 permovisset,
1112 3666 1233 3735 profecto
1261 3669 1377 3723 Romani

257 3734 389 3816 compulsi
405 3733 521 3789 fuissent
538 3735 642 3802 perpeti
660 3741 708 3787 aut
725 3735 915 3815 captivitatem,
933 3735 1010 3790 hoste
1027 3735 1168 3789 insistente
1180 3737 1309 3803 superati,
1328 3745 1379 3792 aut

256 3808 427 3866 servrtutem‚
445 3809 553 3870 recepto
572 3801 629 3870 regi
652 3803 795 3870 subjectr.“
831 3802 870 3856 (li.
889 3803 997 3856 Lrvrun
1015 3803 1049 3855 11.
1072 3809 1108 3858 13.
1205 3806 1227 3837 ⁵³
1244 3804 1319 3858 Haec
1337 3807 1377 3860 ita

255 3869 427 3937 intelligenda
445 3886 505 3925 esse
522 3878 601 3940 puto:
625 3870 714 3935 Deus,
733 3871 797 3925 dum
813 3871 941 3935 visibilis,
959 3871 987 3923 in
1006 3872 1114 3926 Christo
1133 3876 1216 3936 esset,
1235 3879 1267 3926 ut
1283 3873 1375 3929 invisi·

254 3938 321 3992 bilia
330 3938 485 3993 Divinitatis
497 3954 597 3992 arcana
610 3938 803 4002 manifestaret,
814 3939 944 3993 miracula
955 3939 1107 3994 bominibus
1118 3939 1241 3994 ostendit.
1260 3940 1376 3995 'Eadem

255 4006 369 4064 ratione.
389 4006 472 4073 Deus,
491 4022 564 4061 nunc
581 4022 674 4060 rursus
692 4007 841 4072 invisibilis,
858 4007 893 4060 ad
905 4005 1110 4074 significandum
1118 4008 1271 4062 Romanum
1288 4010 1375 4078 Impe-

255 4073 326 4127 rium
347 4074 420 4128 orbis
438 4079 583 4140 terrarum,
601 4074 688 4129 idest
706 4074 830 4129 effectum
848 4075 990 4140 visibilem,
1009 4075 1133 4132 divinitus
1151 4091 1210 4130 esse
1225 4077 1376 4144 praedesti·

256 4147 364 4206 natum,
390 4143 520 4198 miracula
546 4143 695 4196 Romanam
723 4143 862 4197 historiam
889 4143 1098 4199 concomitantia
1126 4150 1253 4214 operatus
1284 4148 1375 4201 estet

257 4218 392 4278 operatur.
432 4210 471 4264 Cf.
490 4227 573 4280 supra
591 4226 649 4279 cap.
673 4215 687 4264 2
703 4210 731 4264 in
749 4211 768 4264 i.
