2910 4876
344 293 479 348 DANTIS
497 292 722 349 MONsRcfflA
739 294 787 348 Ill.
807 294 835 350 O.
854 300 878 349 4.
898 300 922 349 5.
1141 293 1200 355 103

166 465 219 531 Sie
242 485 318 547 ergo
342 465 429 550 dico,
456 465 541 547 quod
555 485 687 548 regnum
709 469 885 551 temporale
900 488 963 533 non
986 467 1096 553 recipit
1112 489 1201 537 θεεθ

83 567 295 652 aspirituali,
324 589 383 634 nec
405 568 615 650 virtutem,
646 587 728 649 quae
757 573 805 633 est
834 569 903 652 ejus
925 570 1114 655 auctoritas,
1142 592 1201 638 nee

81 671 177 737 etiam
205 670 484 752 operationem
512 669 712 754 simpliciter;
743 668 801 735 sed
829 670 910 738 bene
940 672 982 736 ab
1012 693 1050 738 eo
1077 674 1199 759 recipit,
1222 689 1269 742 105

80 776 112 837 ut
134 771 361 838 virtuosius
383 776 530 854 operetur
553 791 611 856 per
632 773 735 837 luocm
757 771 895 856 gratiae,
925 792 1021 854 quem
1050 774 1082 839 in
1110 776 1200 842 coelo

79 874 162 941 etin
185 880 270 940 terra
290 872 468 940 benedictio
490 873 604 938 summi
625 871 787 939 Pontificis
808 872 945 939 infundit
967 874 1025 940 illi.
1063 875 1104 941 Et
1125 876 1200 946 ideo

76 982 298 1059 argumentum
319 975 475 1058 peccabat
494 974 528 1039 in
549 975 665 1041 forma:
689 975 764 1056 quia
780 975 999 1060 praedicatum
1020 977 1054 1042 in
1076 980 1199 1044 conclu-

75 1081 167 1146 sione
194 1098 257 1143 non
286 1083 334 1144 est
363 1077 548 1144 extremitas
576 1076 723 1159 majoris,
751 1080 786 1141 ut
807 1082 909 1162 patet,
942 1079 1086 1161 procedit
1116 1081 1199 1147 enim

72 1182 137 1247 sic:
158 1181 251 1246 Luna
272 1180 385 1265 recipit
406 1181 509 1245 lucem
531 1198 552 1241 a
580 1177 670 1260 Sole,
700 1178 755 1259 qui
783 1184 832 1244 est
854 1179 995 1260 regimen
1017 1181 1196 1265 spirituale3
1219 1198 1267 1250 110

72 1283 221 1364 regimen
242 1282 418 1366 temporale
441 1284 490 1346 θεῖ
503 1281 608 1345 Luna:
631 1298 706 1362 ergo
728 1269 870 1360 regimen
886 1283 1063 1364 temporale
1085 1283 1199 1366 recipit

69 1384 300 1469 auctoritatem
323 1403 343 1447 a
358 1381 512 1464 regimine
528 1382 695 1466 spirituali.
733 1383 817 1446 Nam
831 1381 863 1447 in
880 1384 1080 1452 extremitate
1097 1384 1197 1468 majo-

69 1486 129 1569 ris,
153 1491 275 1570 ponunt
296 1487 439 1551 lucem:
461 1483 496 1547 in
517 1483 702 1566 praodIcato
717 1504 793 1550 vero
810 1485 1037 1569 conclusionis,
1060 1491 1197 1553 aucto·

67 1588 255 1653 ritatem:
286 1607 369 1669 quae
397 1591 470 1652 sunt
498 1605 549 1652 res
582 1583 729 1673 diversae
758 1585 903 1669 subjecto
933 1592 965 1653 et
993 1586 1134 1670 ratione,
1164 1593 1199 1652 ui

70 1690 182 1756 visum
205 1695 262 1756 θεῖ.
1219 1708 1268 1759 115

543 1860 665 1934 [orror
687 1859 729 1934 v.]

160 2011 340 2077 Adsumunt
356 2008 453 2075 etiam
467 2012 687 2089 argumentum
705 2007 745 2073 de
768 2009 862 2074 litera
877 2009 1022 2094 Moysi,
1046 2009 1198 2093 dicentes,

71 2113 164 2197 quod
186 2112 226 2179 de
247 2113 366 2178 femore
388 2110 490 2176 Jacob
519 2108 611 2174 fluxit
639 2107 741 2190 figura
771 2111 882 2178 horum
912 2111 1045 2178 duorum
1071 2111 1198 2193 regimi-

70 2238 165 2300 num,
190 2215 264 2297 quia
285 2213 385 2278 Levi
408 2217 440 2278 et
462 2212 482 2278 J
490 2210 603 2294 udas3
636 2229 768 2293 quorum
791 2214 873 2279 altor
898 2212 959 2278 fuit
980 2218 1072 2297 pater
1093 2233 1197 2280 sacer·

73 2319 170 2401 dotii,
194 2318 276 2382 altor
297 2335 373 2381 vero
401 2312 566 2395 regiminis
595 2313 789 2396 temporalis.
835 2312 960 2380 Deinde
991 2315 1036 2380 sic
1061 2320 1197 2396 arguunt

74 2420 192 2486 exiis:
217 2419 305 2485 Sicut
319 2437 354 2484 se
369 2415 480 2482 habuit
502 2414 584 2482 Levi
607 2411 790 2496 adiudam,
814 2415 859 2481 sic
882 2435 916 2481 se
938 2415 1036 2482 habet
1050 2415 1196 2483 Ecclesia
1215 2435 1229 2484 5

143 2652 275 2706 usurpare
310 2667 342 2674 —
371 2634 494 2689 Pressius
529 2632 609 2687 etiarn
680 2633 713 2664 ¹⁰⁷
729 2632 773 2685 illi
788 2631 955 2686 desideratur
970 2632 1035 2686 inP

141 2721 260 2791 uestigiis
294 2719 418 2775 codicum
457 2719 608 2782 inhaerens,
681 2718 714 2749 ¹¹⁰
728 2716 760 2769 F.
779 2717 817 2770 M.
834 2717 865 2771 P.
885 2717 950 2771 lurra
967 2719 1064 2789 recipit
1083 2718 1172 2772 lemen

143 2809 249 2864 mallem
267 2806 384 2876 quidem,
402 2804 478 2859 velet
492 2802 608 2873 qrridem.
745 2800 777 2854 F.
810 2800 844 2854 Η.
876 2803 909 2856 V.
941 2807 969 2856 et
994 2803 1024 2856 P.
1055 2804 1084 2856 in
1114 2819 1196 2872 marg.

144 2891 291 2960 Suffragori
325 2888 431 2943 videtur
460 2887 570 2942 Fioinus
594 2904 609 2941 e
728 2885 851 2951 (,‚aliae“)
875 2904 893 2940 a
910 2885 975 2941 Sole
1001 2889 1106 2957 quiesi
1123 2889 1196 2960 reqi-

143 2983 237 3049 qnesto
261 2977 275 3029 ὲ
298 2973 478 3030 ebbondanza
501 2972 532 3026 di
551 2972 609 3026 luce
728 2988 788 3025 mere
807 2971 956 3043 temporale

97 3065 130 3098 ¹⁰⁶
144 3063 177 3117 V.
197 3077 247 3116 nec
265 3061 371 3114 tertiam
389 3059 574 3129 operationem
682 3057 715 3089 ¹¹⁴
732 3056 765 3110 L.
782 3056 820 3110 Μ.
839 3061 903 3110 erent
919 3071 964 3110 res
981 3056 1111 3111 αάυενῖαθ

160 3147 193 3200 A.
213 3147 246 3202 ab
263 3163 295 3199 eo
312 3145 410 3216 recipit
428 3143 512 3197 lucem
680 3142 830 3212 115εῖιρνα,
861 3140 932 3209 quod
962 3140 991 3194 in
1015 3140 1069 3196 fine
1093 3142 1196 3200 addunt

97 3235 129 3267 ¹⁰⁶
145 3232 324 3302 conjecturae
341 3233 457 3294 nostrae,
482 3243 536 3280 non
555 3243 609 3297 per
728 3224 801 3293 editi,
820 3227 898 3281 abest
915 3241 931 3279 a
947 3225 1023 3280 cedd.
1041 3242 1128 3296 neque
1146 3228 1196 3282 ha·

145 3317 229 3371 lacem
246 3317 361 3387 proriae,
379 3313 426 3367 sed
443 3313 527 3367 locem
545 3329 609 3383 pra·
728 3311 788 3364 buit
804 3311 924 3366 Ficinus.

144 3405 197 3457 tiae
229 3416 287 3456 esse
316 3398 501 3461 scribendum,
529 3411 609 3465 quum
661 3394 725 3464 Gap.
743 3395 777 3448 V.
817 3397 876 3449 ¹A.
894 3396 926 3448 h.
945 3395 1047 3467 Moysi,
1065 3394 1180 3450 dicioris

142 3486 266 3557 probarit
283 3484 395 3549 Frutic,
419 3481 609 3537 contradicunt
705 3481 817 3535 ὅΕείἰῖῖ.
837 3485 933 3535 contra
950 3479 1103 3534 unanimem
1122 3479 1196 3534 codi-

145 3571 250 3626 codices
269 3586 330 3624 cum
345 3568 449 3622 Ficino.
478 3567 548 3620 Puta
561 3565 609 3634 igi·
730 3583 791 3620 cum
826 3580 988 3620 consensum
1021 3562 1197 3629 Quemadmo-

143 3659 188 3709 tur
223 3655 256 3710 ab
291 3670 322 3708 eo
357 3653 455 3724 recipit
488 3651 610 3704 absolute
729 3651 792 3704 dum
809 3667 839 3704 re
856 3648 950 3704 babuit
967 3649 1034 3704 levi

143 3740 242 3794 dictum
252 3754 311 3793 esse
320 3753 369 3806 pro
389 3737 418 3792 id
428 3737 461 3791 ab
473 3752 504 3789 eo
513 3737 611 3806 recepit

147 3945 180 3977 ¹⁰⁰
198 3943 238 3998 uf.
256 3943 412 3997 Aooronrn
429 3945 551 3996 nostrum
575 3941 602 3994 in
627 3939 742 4009 epistola
765 3939 800 3993 ad
817 3938 957 4007 Principes
974 3939 1080 3993 italicos
1099 3941 1124 4004 (ξ
1146 3943 1195 4003 ro.)
1309 3964 1312 3969 ·
1366 3946 1369 3952 “

75 4013 108 4067 de
126 4012 244 4066 ilenrico
262 4011 320 4063 vIl.
339 4011 486 4064 dicentem:
505 4008 575 4073 „Hic
593 4013 634 4062 est
652 4022 730 4076 quem
750 4007 886 4073 Clemens,
904 4023 976 4061 nunc
994 4006 1068 4061 Petri
1087 4021 1194 4061 succes·

75 4097 135 4145 sor,
157 4081 218 4134 luce
236 4079 401 4147 apostolicae
424 4076 619 4132 benedictionis
642 4075 788 4141 illuminet,
815 4081 845 4129 ut
868 4075 914 4129 ubi
937 4074 1029 4130 radius
1047 4075 1195 4142 spiritualis

75 4166 129 4204 non
148 4147 260 4209 sufficit,
279 4147 316 4201 ibi
335 4146 460 4214 splendor
478 4145 622 4199 minoris
640 4144 824 4198 luminaris
842 4143 967 4198 illustret.

143 4217 216 4286 Gap.
234 4214 270 4270 V.
309 4218 315 4248 ¹
334 4214 480 4270 Genesis
497 4213 596 4266 XXIX.
615 4217 657 4267 34.
677 4218 718 4268 35.
