2910 4876
474 892 664 974 SERIES
687 892 1112 975 CAPITULORUM.

269 1183 366 1220 UTRUM
384 1183 420 1218 AD
439 1181 511 1217 BENE
528 1181 593 1218 ESSE
610 1179 700 1215 MUNDI
718 1171 881 1216 motiuncula
899 1178 1073 1217 TEMPORALIS
1092 1179 1261 1217 NECESSARIA
1279 1181 1335 1218 SIT.

237 1319 301 1389 Cap.
328 1324 350 1373 1.
386 1317 563 1372 Prooemium.

264 1447 280 1470 ‚‚
326 1409 350 1458 2.
387 1403 452 1471 Quis
471 1402 507 1455 sit
523 1401 584 1455 finis
602 1399 759 1454 universalis
779 1399 913 1454 civilitatis
931 1400 1042 1453 humani
1058 1401 1183 1468 generis?

264 1531 279 1556 ‚,
325 1495 349 1544 3.
384 1489 435 1542 Est
453 1493 564 1540 actuare
582 1489 665 1538 totam
683 1484 831 1552 potentiam
849 1485 1001 1539 intellectus
1010 1484 1145 1554 possibilis
1162 1485 1196 1538 ad
1214 1486 1365 1554 speculan-

390 1572 453 1625 dum
471 1576 498 1625 et
516 1570 550 1623 ad
568 1569 742 1637 operandum

263 1701 279 1725 ‚‚
323 1663 348 1711 4.
385 1657 477 1711 Genus
495 1656 655 1716 humanum,
680 1661 711 1707 ut
736 1654 771 1707 ad
789 1654 862 1708 hunc
879 1652 960 1707 finem
977 1655 1131 1722 perveniat,
1155 1655 1276 1724 indigere
1293 1672 1367 1726 paee

390 1741 543 1794 universali.
816 1739 819 1745 '

263 1868 279 1893 „
324 1833 347 1880 5.
384 1825 496 1893 Quando
514 1824 593 1894 plura
604 1824 805 1878 ordinanturad
816 1841 907 1888 unum,
928 1830 1051 1892 oportere
1060 1840 1143 1877 unum
1155 1841 1249 1879 eorum
1259 1841 1367 1894 regere,

391 1911 444 1964 alia
461 1925 523 1963 vero
542 1910 604 1977 regi.

264 2039 278 2062 ,‚
325 2003 349 2050 6.
386 1994 522 2057 Ordinem,
533 1993 579 2062 qui
589 1993 722 2062 reperitur
731 1994 759 2047 in
769 1994 892 2062 partibus
902 1994 1035 2047 humanae
1044 1993 1234 2060 multitudinis
1247 1998 1367 2064 reperiri

391 2080 487 2134 debere
505 2079 533 2132 in
551 2079 694 2132 totalitate.

264 2207 280 2230 ‚‚
326 2171 350 2218 7.
387 2165 463 2219 Sicut
487 2163 647 2217 universitas
670 2164 786 2216 humana
810 2162 845 2216 ad
863 2162 964 2226 Deum,
990 2161 1029 2215 ita
1052 2178 1134 2230 regna
1157 2172 1183 2216 et
1206 2172 1305 2232 gentes
1331 2167 1367 2222 ad

391 2249 569 2304 Monareham
586 2248 748 2316 respondere
766 2249 872 2302 debere.

263 2376 278 2402 ,‚
323 2339 347 2389 8.
383 2335 510 2388 Homines
529 2334 563 2386 ad
580 2333 721 2401 imaginem
740 2333 792 2388 Dei
809 2332 876 2386 iaoti
894 2337 969 2398 sunt3
989 2330 1064 2384 Deus
1081 2347 1143 2384 vero
1162 2349 1233 2386 unus
1252 2337 1306 2387 est.

263 2461 278 2486 ‚‚
322 2425 346 2474 9.
383 2419 521 2482 Homines,
540 2418 585 2486 qui
602 2418 651 2470 filii
669 2423 733 2472 sunt
751 2417 826 2480 coeli,
845 2416 956 2482 vestigia
974 2415 1044 2469 coeli
1060 2416 1160 2470 imitari
1178 2416 1286 2472 decere.

263 2545 279 2567 ‚‚
310 2509 347 2558 10.
384 2503 420 2558 Ut
438 2507 535 2558 cuncta
552 2502 638 2571 litigia
655 2503 821 2559 dirimantur.
840 2518 941 2555 summo
957 2502 1049 2569 judice
1068 2518 1136 2570 opus
1155 2517 1221 2555 esse.

262 2632 278 2657 ‚,
308 2595 347 2643 11.
383 2589 528 2651 Mundum,
553 2604 633 2656 quum
648 2588 756 2655 justitia
778 2588 806 2640 in
831 2603 862 2641 eo
881 2587 916 2640 sit
939 2586 1092 2654 potissima,
1120 2585 1218 2654 optime
1243 2587 1366 2658 disposi-

389 2682 446 2727 tum
464 2665 531 2727 esse.

263 2799 278 2824 ,‚
309 2763 347 2812 12.
384 2759 538 2811 Humanum
556 2773 654 2826 genoe,
672 2757 810 2825 potissime
829 2756 957 2821 liberum,
976 2756 1074 2824 optime
1092 2771 1121 2809 se
1139 2755 1247 2809 habere.

263 2884 278 2909 ,‚
311 2848 349 2897 13.
387 2843 492 2913 Optime
511 2842 545 2895 ad
562 2842 706 2910 regendum
724 2841 884 2910 dispositum
902 2842 970 2894 alios
988 2841 1088 2908 optime
1106 2841 1249 2909 disponere
1267 2859 1363 2911 posse.

263 2970 278 2993 ,‚
310 2933 347 2980 14.
384 2927 460 2994 Quod
486 2927 544 2980 fieri
570 2934 659 2995 potest
686 2943 735 2996 per
762 2943 860 2991 unum,
888 2927 981 2980 melius
1008 2941 1056 2993 per
1083 2941 1166 2978 unum
1191 2925 1252 2979 fieri
1281 2945 1367 2996 quam

389 3013 554 3080 perplures.
1356 3013 1358 3017 ’

266 3137 281 3161 ,,
311 3100 349 3149 15.
386 3096 418 3149 In
436 3097 507 3149 omni
525 3111 620 3163 genere
639 3098 768 3165 optimum
788 3097 935 3164 essequod
954 3103 994 3150 est
1012 3096 1126 3149 maxime
1144 3112 1237 3149 unum.

265 3220 281 3244 ,‚
312 3186 349 3234 16.
386 3181 521 3234 Christum
553 3181 581 3233 in
607 3180 773 3249 plenitudine
805 3182 934 3248 temporis
973 3182 1022 3234 sub
1055 3183 1176 3248 Augusto
1205 3180 1368 3239 Monareha

389 3266 464 3318 nasci
482 3264 607 3318 voluisse.

632 3519 744 3571 LIBER
763 3519 959 3574 SECUNDUS.

236 3636 333 3673 uranu
350 3635 480 3674 aerianus
499 3637 622 3674 poponus
640 3637 676 3673 nu
697 3637 764 3674 roan
783 3637 837 3674 surr
860 3638 1025 3675 nnsorvnnrr
1044 3638 1154 3675 imranrr
1171 3638 1365 3680 nranirarnu.

238 3772 302 3840 Cap.
330 3779 350 3824 1.
385 3772 562 3827 Prooemium.

264 3897 279 3921 ‚‚
324 3861 347 3911 2.
383 3857 414 3910 id
425 3858 496 3926 quod
508 3859 581 3912 Deus
591 3859 618 3911 in
628 3860 757 3912 societate
767 3859 976 3921 hominumvult‚
986 3875 1035 3928 pro
1052 3859 1114 3927 jure
1125 3858 1283 3914 habendum
1293 3878 1364 3918 esse.

263 3984 280 4009 ,‚
324 3949 347 3999 3.
384 3944 515 4012 Populum
525 3942 684 4008 Romanum,
703 3950 840 4012 tamquam
849 3943 1051 4008 nobilissimum,
1070 3943 1192 3997 omnibus
1203 3944 1265 3999 aliis
1282 3962 1364 4015 prae·

389 4027 453 4082 ferri
471 4028 621 4082 convenire.

263 4155 279 4179 ,‚
323 4118 347 4166 4.
383 4112 533 4167 Romanum
549 4113 707 4180 Imperium,
735 4114 796 4181 quia
820 4112 1010 4166 miraculorum
1034 4112 1161 4181 suffragio
1185 4114 1327 4184 adjutum,
1346 4134 1367 4173 a

389 4198 447 4251 Deo
465 4199 574 4251 volitum
592 4212 659 4251 esse.
