2902 4874
406 340 541 396 DANTIS
558 340 777 396 MONAROHIA
794 343 815 396 I.
835 343 866 397 C.
884 336 922 397 2.
1195 347 1216 405 5

93 519 133 583 iis
155 536 238 599 quae
260 520 405 598 tempore
426 518 653 580 mensurantur.
697 515 837 580 Maxime
866 521 972 581 autem
1001 515 1042 583 de
1069 517 1131 583 hac
1153 519 1250 590 triae

95 618 239 685 dubitata
262 619 462 699 quaeruntur.
499 614 632 681 Primo
653 634 790 698 namque
813 616 976 682 dubitatur
998 624 1029 685 et
1044 621 1215 706 quaeritur,

93 742 134 786 an
156 720 200 785 ad
222 720 304 786 bene
326 737 397 784 essa
423 716 532 780 mundi
556 717 738 782 necessaria
766 719 816 784 sit.
862 719 1061 804 Secundo,
1090 740 1132 786 an
1154 724 1214 790 Ro

94 842 206 888 manus
234 821 372 907 populus
396 818 441 884 'de
468 817 536 883 iure
557 819 761 886 Monarchiae
789 819 928 887 officium
949 820 1012 885 sibi
1033 816 1215 892 adsciverit.

93 926 136 991 Εῖ
157 925 297 1007 tertio,
327 943 368 987 an
396 921 569 986 auctoritas
590 920 795 987 Monarchiae
821 920 1001 1006 dependeat
1022 942 1043 987 a
1065 925 1136 991 Deo
1158 927 1214 991 im-

93 1028 243 1110 mediate,
264 1027 317 1091 vel
341 1025 382 1090 ab
403 1023 468 1088 alio
490 1021 553 1086 Dei
575 1021 718 1089 ministro
739 1042 797 1089 seu
819 1024 947 1090 vicario.
1237 1051 1267 1100 10

177 1129 295 1195 Verum
318 1127 394 1208 quia
416 1123 518 1190 omnis
540 1123 668 1207 veritas,
692 1143 774 1205 quae
796 1145 859 1191 non
881 1131 930 1193 est
950 1114 1149 1215 principium,
1176 1154 1217 1199 ex

94 1231 230 1307 veritate
246 1228 380 1293 alicuius
394 1224 542 1312 principii
556 1224 593 1289 fit
607 1226 789 1310 manifesta3
807 1246 938 1295 necesse
954 1235 1011 1313 est,
1026 1231 1059 1295 in
1074 1234 1218 1316 qualibet

94 1332 298 1415 inquisitione
320 1330 440 1395 habere
461 1327 607 1393 notitiam
622 1327 671 1431 (de
693 1329 865 1415 principio,
887 1332 921 1396 in
950 1335 1035 1414 quod
1057 1337 1217 1421 analytice

95 1439 281 1516 recurratur,
297 1453 354 1516 pro
370 1430 558 1496 certitudine
574 1431 713 1496 omnium
727 1434 980 1516 propositionum
992 1456 1074 1518 quae
1085 1437 1216 1505 inferius

95 1538 310 1602 adsumuntur.
353 1533 396 1597 Εῖ
418 1533 494 1614 quia
515 1552 666 1617 praesens
688 1536 841 1600 tractatus
863 1543 912 1601 est
933 1538 1096 1619 inquisitio
1119 1559 1214 1621 quae·
1235 1557 1265 1606 15

97 1641 185 1722 dam,
216 1641 289 1701 ante
317 1635 424 1702 omnia
446 1633 487 1699 de
508 1633 664 1718 principio
688 1635 891 1701 scrutandum
914 1659 985 1705 esse
1013 1640 1154 1726 ridetur,
1183 1643 1217 1708 in

96 1743 184 1808 cuius
206 1741 323 1804 virtute
345 1736 495 1802 inferiora
517 1736 698 1801 consistant.
742 1736 802 1802 Est
824 1757 899 1820 ergo
922 1741 1100 1828 sciendum,
1131 1742 1217 1826 quod

96 1842 253 1926 quaedam
282 1844 370 1923 sunt,
400 1857 499 1920 quae,
528 1841 655 1904 nostrae
677 1839 829 1922 potestati
859 1841 987 1908 minime
1010 1845 1215 1929 subiacentia,

94 1944 252 2032 speculari
273 1938 491 2007 tantummodo
517 1957 702 2022 possumus,
732 1941 857 2024 operari
886 1948 992 2011 autem
1019 1967 1098 2030 non,
1127 1948 1217 2015 velut
1244 2021 1248 2025 ¹

96 2045 330 2127 mathematica,
353 2042 502 2127 physica,
524 2045 557 2105 et
579 2036 696 2106 divina.
741 2042 906 2121 Quaedam
928 2066 1004 2113 vero
1028 2053 1108 2132 sunt,
1133 2068 1215 2131 quae
1233 2070 1266 2119 au

95 2156 222 2219 nostrae
243 2144 396 2232 potestati
418 2141 624 2224 subiacentis,
646 2162 710 2208 non
731 2144 835 2209 solum
857 2148 1025 2232 speculari,
1048 2149 1217 2216 sedetiam

96 2251 223 2338 operari
235 2266 414 2334 possumus,
429 2250 461 2309 et
475 2243 562 2308 iniis
576 2264 639 2310 non
655 2246 797 2329 operatio
813 2252 943 2330 propter
957 2251 1216 2336 speculationem,

96 2354 152 2422 sed
173 2356 304 2438 propter
326 2346 543 2432 operationem
564 2344 623 2409 illa
645 2345 835 2432 adsumitur,
867 2351 1016 2430 quoniam
1043 2352 1077 2417 in
1097 2354 1217 2418 talibus

96 2454 238 2542 operatio
262 2456 311 2517 est
331 2449 411 2514 finis.
456 2448 560 2527 Quum
583 2465 658 2528 ergo
681 2441 815 2514 materia
836 2464 988 2534 praesens
1009 2453 1141 2536 politica
1165 2454 1215 2538 sit,

95 2560 158 2625 imo
181 2558 252 2622 fons
274 2558 370 2633 atque
389 2549 579 2634 principium
594 2554 751 2615 rectarum
765 2550 957 2636 politiorum,
981 2557 1013 2619 et
1028 2573 1119 2620 omne
1134 2554 1214 2639 poli·
1233 2576 1265 2624 25

77 2733 81 2740 ¹
96 2661 191 2726 ticum
203 2662 331 2724 nostrae
342 2651 494 2737 potestati
505 2651 683 2735 subiaceat,
700 2651 902 2717 manifestum
916 2658 972 2737 est,
986 2654 1071 2737 quod
1082 2657 1217 2721 materia

95 2779 246 2846 praesens
261 2778 324 2824 non
339 2755 382 2820 ad
398 2753 647 2839 speculationem
662 2753 831 2838 perprius,
855 2756 911 2822 sed
933 2755 976 2821 ad
999 2758 1217 2841 operationem

97 2863 267 2930 ordinatur.
305 2860 433 2941 Rursus,
457 2876 553 2939 quum
574 2855 609 2919 in
631 2854 847 2937 operabilibus
868 2857 1058 2941 principium
1073 2864 1105 2924 et
1120 2880 1217 2927 causa

97 2965 235 3032 omnium
250 2962 291 3027 sit
306 2961 434 3026 ultimus
448 2958 520 3023 finis
542 2956 664 3043 (movet
686 2956 770 3022 enim
790 2957 892 3041 primo
914 2957 1085 3044 agentem),
1108 2964 1216 3028 conse-

131 3166 191 3218 5Ιῖ.
209 3165 252 3218 vet
268 3165 296 3217 ia
320 3164 354 3217 iis
377 3177 450 3232 qaae
478 3191 501 3199 -
519 3159 566 3213 ·'M.
589 3157 633 3211 ael
697 3181 699 3183 ¹
750 3173 845 3213 manus
871 3159 1006 3216 recentior
1033 3161 1121 3217 verbis
1153 3167 1217 3217 ante

162 3266 247 3320 saper
264 3248 298 3303 iis
316 3263 387 3316 qaae
750 3243 907 3310 amnicum.
921 3248 969 3304 16.)
979 3247 1042 3301 nori
1053 3247 1149 3316 capitis
1163 3247 1215 3318 sig·

179 3334 324 3389 Eddrett.
344 3330 530 3403 temporaliter
546 3344 630 3384 meas.
749 3345 814 3383 num
831 3328 982 3398 adscripsit.

180 3418 212 3472 F.
232 3417 355 3472 Maxime
372 3417 406 3470 de
423 3414 475 3470 dae
491 3416 545 3468 tra'a
707 3413 731 3446 ²⁰
747 3414 780 3466 A.
796 3413 869 3467 velut
885 3414 1072 3485 metaphysica
1082 3420 1107 3468 el
1117 3414 1170 3470 div.
1182 3447 1216 3454 —

100 3534 102 3539 ,
132 3504 142 3536 ⁸
158 3504 190 3558 L.
209 3508 237 3557 et
255 3501 314 3557 edd.
333 3505 397 3556 vett.
416 3497 584 3555 Monarahae
748 3497 779 3551 L.
798 3498 871 3552 velat
888 3496 969 3551 raath.
982 3496 1175 3571 philosophica
1190 3508 1217 3554 et

100 3618 102 3623 ·
132 3588 190 3642 Ἧι.
206 3588 293 3642 Ficin.
307 3592 334 3640 et
351 3586 410 3641 edd.
429 3582 597 3640 Monarelrae
687 3622 688 3627 κ
750 3583 802 3637 div.
1107 3600 1110 3605 ·

123 3675 144 3707 ¹⁰
160 3674 197 3726 M.
216 3674 250 3728 ab
268 3671 323 3726 alto
341 3671 511 3742 ejus—An:
529 3669 563 3724 ab
581 3669 638 3722 ali·v
687 3668 726 3722 2¹
743 3667 830 3730 Editt
848 3665 897 3720 sed
912 3672 939 3721 et

167 3775 220 3828 quo
238 3758 319 3828 ejas?
337 3756 423 3810 Ficin.
442 3755 478 3809 da
495 3754 595 3808 ateana
707 3752 730 3785 ²³
747 3752 780 3805 A.
791 3750 867 3804 -al
878 3751 928 3804 sed
941 3749 1215 3822 daeaproptert'llam

123 3845 144 3877 ¹²
160 3844 192 3897 F.
209 3844 246 3896 sit
262 3841 410 3909 martifesta
687 3886 689 3889 .
707 3835 730 3868 ²³
748 3837 772 3868 ²⁴
788 3837 822 3889 A.
841 3840 868 3888 et
884 3834 922 3888 M.
941 3865 975 3873 -
992 3835 1023 3888 F.
1042 3836 1075 3889 H.
1094 3836 1125 3889 Ρ.
1135 3837 1168 3892 V.
1187 3839 1213 3891 tn

123 3928 143 3960 ¹³
161 3926 193 3980 F.
211 3925 250 3980 M.
269 3930 297 3980 et
314 3924 374 3979 edd.
394 3925 550 3994 quaestione
749 3920 848 3975 talibas
865 3921 988 3990 operatio
1004 3920 1111 3988 fiais-
1127 3921 1212 3986 Editt.

122 4013 143 4044 ¹⁷
161 4011 274 4064 Turrius
292 4013 320 4063 et
327 4009 464 4064 Fruticell.
475 4013 570 4064 contra
584 4024 628 4064 co·
748 4004 914 4072 antiquiores
938 4004 966 4057 ta
990 4004 1041 4058 tali
1056 4008 1215 4077 operatione

163 4097 254 4150 dicum
263 4094 459 4160 auctoritatem,
478 4093 502 4148 si
512 4093 629 4148 Felinia·
748 4095 788 4143 ert
803 4088 828 4156 f.

163 4196 228 4234 num
246 4179 395 4246 exceperis,
420 4186 501 4246 caput
522 4178 630 4232 tertium
707 4175 730 4207 ²⁵
747 4173 784 4228 A.
803 4171 841 4226 M.
856 4171 1032 4243 politicarum
1048 4202 1084 4214 —
1101 4174 1133 4229 F.
1141 4174 1215 4245 poli-

164 4265 227 4318 hinc
248 4263 389 4331 incipiunt.
424 4263 457 4316 In
475 4279 529 4318 uno
547 4263 629 4331 Magl.
658 4279 659 4283 ¹
749 4259 874 4314 actarum
978 4318 980 4322 .
1089 4279 1091 4282 v
