2910 4876
454 340 589 396 DANTIS
606 341 825 398 MONARCHIA
843 345 891 398 III.
911 345 942 398 C.
959 352 983 400 9.
1221 349 1279 408 115

160 510 302 595 dicebat,
331 532 540 596 praemonens
569 534 624 580 eos
652 535 832 600 pressuram
860 515 1012 600 futuram,
1043 524 1074 584 et
1094 518 1277 605 despectum

158 614 295 680 fiturum
326 632 401 694 erga
430 632 500 696 eos,
534 616 627 697 quasi
655 617 787 683 diceret:
824 618 995 700 Quousque
1024 620 1070 685 tui
1103 621 1277 707 vobiscum,
1323 701 1324 710 ἵ

157 716 278 799 recepti
300 717 411 799 eratis,
435 739 516 783 nunc
537 718 738 801 iugabimini3
763 718 847 784 unde
863 725 987 804 oportet
1009 741 1067 786 vos
1082 741 1275 806 praeparare

158 818 250 884 vobis
273 818 369 883 etiam
398 839 451 902 ea,
482 839 563 900 quae
581 821 651 905 jam
673 821 822 904 prohibui
843 821 952 904 vobis,
979 826 1111 907 propter
1139 825 1276 890 necessi·
1296 846 1329 897 35

158 926 266 986 tatem.
309 919 422 1000 Itaque
446 922 474 985 si
496 922 661 1006 responsio
683 922 784 1007 Petri,
815 942 896 1004 quae
928 922 1040 990 estad
1062 923 1137 1007 hoc,
1166 925 1277 992 fuisset

157 1023 216 1087 sub
238 1022 413 1088 intentione
426 1023 493 1106 illa,
513 1023 583 1107 jam
597 1044 661 1090 non
682 1024 794 1090 fuisset
810 1025 854 1090 ad
868 1044 938 1092 eam
955 1042 1036 1106 quae
1059 1030 1127 1090 erat
1142 1025 1275 1111 Christi,

158 1123 198 1188 de
222 1143 283 1204 quo
302 1122 445 1189 Christus
466 1125 572 1209 ipsum
593 1127 802 1209 increpasset,
826 1126 907 1190 sieut
929 1126 1090 1193 multoties
1111 1127 1275 1210 increpuit,
1356 1129 1360 1135 ’

157 1245 253 1307 quum
275 1225 383 1291 inscie·
396 1227 609 1310 responderet.
654 1228 716 1293 Hie
738 1234 844 1295 autem
865 1248 929 1293 non
950 1228 1039 1312 iecit,
1070 1226 1128 1294 sed
1150 1229 1275 1309 acquie-
1398 1303 1402 1310 .

156 1327 217 1392 vit:
233 1326 342 1393 dicens
359 1328 403 1394 ei:
425 1328 533 1411 „Satis
549 1328 631 1414 est“;
649 1330 740 1411 quasi
756 1328 889 1394 diceret:
904 1329 1039 1413 Propter
1052 1330 1276 1397 necessitatem
1293 1339 1327 1392 40
1400 1323 1405 1334 '

157 1428 243 1512 dico;
268 1427 325 1495 sed
349 1430 376 1494 si
391 1431 526 1511 quilibet
541 1432 659 1498 habere
680 1453 744 1498 non
758 1434 873 1516 potest,
898 1429 960 1495 duo
975 1429 1119 1496 sufficere
1133 1439 1275 1516 possunt.

242 1533 283 1597 nt
306 1532 391 1613 quod
413 1534 526 1598 Petrus
548 1532 697 1599 demere
726 1533 774 1597 ad
803 1530 1064 1616 superficiem
1085 1533 1276 1619 loqueretur,
1318 1608 1320 1613 .

154 1634 271 1718 probat
293 1635 362 1719 ejus
384 1635 500 1700 t'estina
522 1640 553 1700 et
574 1633 852 1718 impraemeditata
866 1633 1093 1718 praesumptio,
1116 1635 1158 1699 ad
1180 1654 1276 1716 qnam

152 1757 218 1801 non
241 1737 343 1802 solum
364 1736 441 1802 fidei
463 1735 627 1801 sinceritas
655 1735 852 1820 impellebat,
881 1734 947 1818 sed,
971 1738 1005 1799 ut
1028 1734 1131 1820 eredo,
1153 1737 1275 1821 puritas

151 1969 152 1974 ἵ
181 1904 214 1969 ³²,
231 1904 253 1936 ³³
269 1904 305 1956 A.
318 1920 503 1974 praemonens
520 1919 566 1956 ees
577 1918 690 1973 pressu-

223 2003 281 2040 ram
303 1988 429 2056 sciturum
455 2004 515 2043 eum
539 1988 690 2059 despeetvis

224 2071 282 2135 (sict
300 2074 406 2143 futuris
424 2103 454 2111 —
474 2073 504 2126 P.
519 2089 690 2145 penemeos

219 2173 378 2227 pressuram
409 2158 549 2227 facturave
582 2158 619 2211 nd
646 2158 691 2212 de-

221 2250 342 2312 spectum
359 2244 500 2312 sucturum
520 2252 608 2311 (quam
626 2241 689 2295 ulti-

222 2343 292 2380 mam
315 2343 407 2382 vocem
432 2328 539 2381 exhibet
566 2331 594 2381 et
620 2325 689 2391 Fel.)

222 2412 329 2466 -Edd
338 2429 446 2483 preern.
460 2428 505 2465 eos
517 2412 689 2483 depressura

200 2521 204 2531 ¹
220 2499 327 2568 future,
352 2504 378 2550 et
396 2497 521 2568 despectu
539 2497 638 2567 futuro
656 2527 688 2535 -

221 2582 349 2636 Dedimus
359 2598 427 2649 quae
435 2582 688 2636 habentH.L.M.V.

180 2702 204 2734 ³⁴
222 2700 291 2755 Edd.
312 2717 372 2755 curn
394 2702 427 2754 L.
445 2700 477 2754 V.
502 2717 575 2757 ituree
598 2707 688 2754 autem

219 2787 387 2856 superbierint

238 2871 417 2940 Reposuimus
427 2870 499 2924 unde
510 2877 616 2940 oportet
627 2887 688 2924 eum

220 2956 252 3008 L.
270 2957 301 3010 P.
326 2973 375 3024 pre
400 2965 430 3009 vt
452 2962 591 3027 operteat,
616 2955 688 3023 quod
717 3018 720 3024 ‚

221 3028 322 3096 habent
339 3041 457 3096 editt.--
472 3040 511 3094 M.
530 3039 601 3093 vende
619 3055 688 3111 opus

221 3157 255 3166 —
272 3126 305 3179 A.
325 3128 390 3182 bene
408 3125 641 3198 eportet-PH.
652 3124 685 3178 V.

220 3216 250 3264 nt
268 3219 374 3283 eportet

178 3331 202 3364 ³³
219 3329 303 3383 Editt.
323 3334 418 3384 eontra
436 3329 588 3383 unanimem
613 3328 686 3382 ccdi-

221 3431 280 3468 cum
301 3430 460 3470 eonsensum
476 3430 547 3484 quae
564 3418 627 3467 urite
645 3414 685 3466 in·

219 3497 296 3553 tribui
320 3501 395 3554 vous
415 3505 535 3571 propter
560 3499 686 3567 suturam

219 3586 403 3639 necessitatene
428 3615 455 3623 —
479 3583 590 3637 Ficinus
616 3582 685 3637 inte·
707 3587 710 3593 '

220 3685 296 3737 grum
320 3669 408 3723 locum
432 3669 471 3722 ita
492 3667 594 3722 reddit:
626 3683 708 3723 eran

218 3760 278 3810 vate
294 3755 415 3821 rieevuti‚
434 3771 483 3808 ora
504 3759 593 3808 sarete
610 3760 685 3807 seve-

218 3840 297 3902 eiati,·
316 3839 385 3893 ende
402 3840 528 3894 conviene
546 3836 594 3893 ede
611 3839 684 3907 v’ap·

211 3922 389 3995 pvreecdiate
429 3923 554 3977 eaiandio
595 3920 684 3990 quelle

217 4024 277 4064 vose
295 4007 344 4064 ebe
361 4008 408 4079 pita
425 4011 453 4063 vi
468 4009 562 4072 vietai,
580 4003 683 4077 perede

217 4092 272 4147 cosi
290 4094 317 4148 la
334 4096 465 4148 necessita
482 4090 615 4147 riediedel

770 1902 793 1934 ³³
810 1902 894 1956 Editt.
922 1905 1064 1975 responsio
1090 1902 1170 1956 Petri
1197 1904 1277 1973 faeta

810 1988 848 2041 ad
870 1986 943 2042 dare.
971 2018 1005 2026 -
1031 1987 1172 2055 Sequimur
1197 1989 1274 2042 codd.

809 2072 881 2126 inter
899 2087 928 2125 se
946 2072 1153 2127 consentientes.

768 2158 791 2190 ³³
808 2158 840 2210 H.
859 2157 960 2226 suisset
978 2158 1126 2210 toleratione
1143 2155 1191 2210 iiia

827 2242 861 2295 H.
885 2241 917 2294 L.
945 2240 974 2294 P.
1002 2241 1039 2295 ad
1064 2258 1096 2295 eu
1121 2257 1191 2310 quae
1216 2250 1276 2296 erut

811 2325 910 2382 Christi

767 2411 790 2444 ³⁸
807 2411 839 2464 L.
858 2411 895 2464 M.
913 2409 946 2463 V.
971 2409 1107 2463 multoties
1124 2411 1275 2481 increpavit

767 2496 791 2528 ³³
807 2497 841 2548 A.
859 2495 894 2548 H.
912 2495 944 2548 L.
962 2493 1087 2548 V.-P.
1105 2510 1165 2548 eum
1177 2496 1274 2564 jussit,

808 2580 956 2650 respondet
969 2609 1003 2618 —
1019 2579 1049 2632 F.
1059 2578 1097 2631 M.
1112 2590 1172 2633 euin
1189 2581 1275 2634 inscie

808 2664 949 2734 respondit
966 2695 998 2703 —
1014 2663 1083 2717 Edd.
1102 2679 1161 2718 evm
1179 2665 1275 2719 inseite

806 2749 946 2820 respondit

824 2833 856 2886 F.
874 2834 908 2886 H.
933 2841 960 2887 et
983 2832 1057 2887 editt.
1081 2838 1194 2892 recenti,
1212 2831 1277 2888 Hae

807 2926 895 2972 autent
914 2935 968 2972 non
985 2919 1069 2989 feeit,
1093 2916 1137 2970 eui
1159 2917 1272 2972 Ficinus

808 3004 959 3058 consentire
975 3003 1081 3058 videtur
1097 3035 1130 3043 —
1140 3005 1177 3058 M.
1195 3004 1274 3061 Have

807 3095 862 3142 aut.
881 3105 936 3142 nort
952 3089 1064 3159 secit—
1077 3089 1184 3158 Reliqui
1202 3091 1273 3158 quod

807 3173 929 3228 dedimus
949 3174 1084 3229 exhibent.

731 3310 733 3315 .
764 3259 788 3291 ³⁰
804 3258 836 3312 P.
862 3263 889 3312 et
913 3258 972 3312 edd.
992 3263 1059 3314 antt.
1078 3262 1213 3331 acquievit
1238 3263 1273 3328 ei,

806 3341 909 3400 dicens:
935 3343 1009 3398 Satis
1035 3350 1074 3398 est
1099 3377 1132 3384 -
1159 3349 1271 3400 recentt.

808 3419 950 3501 acquievit,
969 3429 1075 3483 clicens:
1095 3428 1170 3483 Setis
1186 3435 1226 3483 est

823 3516 854 3569 F.
874 3513 920 3567 Pr.
939 3528 1038 3566 necess.
1057 3511 1108 3566 dee
1126 3512 1186 3567 dieo

763 3601 785 3632 ⁴¹
803 3600 836 3654 V.
856 3598 931 3669 qued
948 3600 973 3651 si
990 3595 1102 3666 quilibet

821 3684 860 3738 M.
879 3683 978 3739 babere
995 3697 1050 3735 non
1062 3687 1159 3753 posset

764 3768 787 3800 ⁴³
804 3767 835 3820 L.
849 3767 953 3837 probet
970 3782 1021 3820 sua
1037 3766 1141 3835 festina
1168 3796 1203 3805 -
1227 3765 1269 3821 M.

798 3852 902 3924 probet
919 3853 980 3922 ejvs
998 3850 1129 3920 infestive

760 3936 783 3967 ³³
800 3935 831 3988 P.
848 3935 916 4004 fidei
930 3935 1078 3989 sideritvtis
1170 3970 1176 3983 .1

819 4019 850 4073 F.
869 4021 1007 4074 sibenen
1026 4015 1181 4089 impellebat

819 4103 903 4158 Editt.
922 4104 970 4158 sed
988 4104 1069 4158 eredo
1081 4104 1195 4173 puritas

217 4264 241 4296 ⁴⁰
258 4263 366 4318 Evnuc.
387 4264 483 4317 Lucan
503 4277 561 4330 cap.
582 4259 625 4313 cit.
644 4273 712 4313 vere.
733 4260 773 4312 38.

1092 4345 1129 4397 8*
