2910 4876
273 277 332 339 122
560 279 694 335 DANTIS
712 280 932 336 MONAROHIA
949 281 996 335 ΠΙ.
1015 281 1045 338 G.
1066 287 1104 335 10.

270 453 391 519 ambitu
413 472 470 519 suo
494 452 777 537 comprehendens;
809 472 884 535 ergo
914 453 986 535 ipsa
1015 459 1064 519 est
1086 453 1172 538 prior
1195 473 1251 519 suo
1271 454 1391 539 judice,

273 556 327 638 qui
348 561 397 620 est
418 555 608 637 Imperator,
638 555 713 635 quia
735 553 778 618 ad
807 555 911 639 ipsam
932 555 1110 639 Imperator
1139 561 1187 620 est
1217 555 1390 641 ordinatus,

220 669 252 718 55
271 663 303 724 et
317 679 380 724 non
394 677 412 722 e
428 675 589 723 converso.
627 655 678 720 Ex
694 676 755 738 quo
771 663 870 740 patet,
895 656 981 738 quod
995 657 1172 741 Imperator
1193 656 1297 741 ipsam
1320 679 1390 741 pcr-

269 765 390 825 mutare
413 778 477 824 non
498 762 614 842 potest,
638 759 670 821 in
693 763 845 840 quantum
859 759 1044 841 Imperator,
1068 778 1164 840 quum
1187 759 1227 823 ab
1251 781 1290 826 eo
1312 760 1389 826 reci-

268 861 337 944 piat
359 880 428 928 esse
452 859 537 941 quod
560 866 616 925 est.
653 858 749 925 Modo
774 858 844 924 dico
868 859 928 925 sic:
950 860 1015 925 Ant
1037 860 1093 926 ille
1112 862 1289 945 Imperator
1312 868 1388 945 erat,

271 982 367 1045 quum
400 963 514 1027 dicitur
547 961 710 1028 Ecclesiae
743 960 932 1044 contulisse,
965 967 1020 1026 aut
1055 982 1127 1028 non.
1182 963 1223 1026 Et
1255 962 1283 1027 si
1317 983 1388 1047 non,

269 1068 400 1150 planum
423 1070 472 1131 est
495 1062 581 1146 quod
602 1062 682 1127 nihil
704 1066 830 1147 poterat
852 1062 892 1129 de
914 1063 1050 1148 Imperio
1081 1063 1230 1130 conferre.
1278 1062 1313 1128 si
1335 1065 1389 1148 sio,

220 1179 252 1232 oo
271 1187 367 1249 quum
390 1165 464 1230 talis
487 1164 616 1232 collatio
632 1170 716 1230 esset
739 1164 906 1230 minoratio
925 1164 1166 1248 jurisdictionis,
1189 1165 1388 1247 inquantum

270 1269 460 1353 Imperator,
483 1268 544 1332 hoc
565 1266 671 1332 facere
689 1286 757 1332 non
779 1270 912 1350 poterat.
998 1293 1000 1296 ⁴

352 1368 514 1451 Amplius:
552 1368 580 1433 si
612 1385 693 1433 unus
728 1367 906 1452 Imperator
945 1367 1086 1448 aliquam
1106 1354 1313 1452 'particulam
1350 1369 1387 1433 ab

269 1471 398 1557 Imperii
426 1468 648 1553 jurisdictione
682 1468 862 1536 discindere
893 1475 1019 1554 posset,
1055 1468 1170 1535 eadem
1202 1469 1328 1536 ratione
1360 1475 1388 1536 et

269 1575 359 1639 alius.
410 1572 451 1636 lit
480 1590 576 1652 quum
601 1569 782 1654 jurisdictio
811 1570 997 1655 temporalis
1026 1570 1116 1635 finita
1144 1570 1200 1653 sit,
1236 1576 1269 1636 et
1299 1591 1387 1638 omne

219 1690 251 1743 65
269 1675 391 1740 finitum
419 1694 477 1757 per
504 1670 610 1737 finitas
639 1671 816 1740 decisiones
845 1673 1043 1756 absumatur,
1076 1677 1275 1756 sequeretur,
1307 1671 1389 1755 quod

265 1776 445 1862 jurisdictio
468 1773 571 1857 prima
593 1781 702 1858 posset
724 1773 910 1838 annihilari:
938 1772 1024 1854 quod
1046 1779 1097 1838 est
1119 1773 1349 1841 irrationabile.

353 1877 483 1959 Adhuc,
506 1895 602 1957 quum
625 1876 788 1943 conferens
810 1875 929 1940 habeat
957 1893 992 1938 se
1014 1895 1072 1957 per
1094 1873 1223 1941 modum
1247 1877 1387 1960 agentis,

270 1986 302 2046 et
317 1980 367 2045 cui
383 1978 548 2060 confertur,
563 1997 621 2061 per
636 1977 765 2043 modum
779 1975 940 2060 patientis,
964 1980 999 2040 ut
1013 1976 1119 2060 placet
1134 1976 1253 2043 Philo
1263 1998 1305 2045 so
1315 1979 1388 2064 pho

208 2160 209 2163 Ἴ
269 2082 303 2146 in
325 2086 436 2163 quarto
466 2079 509 2144 ad
531 2079 775 2162 Nicomachum
805 2098 869 2143 non
897 2078 1000 2144 solum
1028 2077 1071 2142 ad
1093 2078 1299 2145 collationem
1322 2100 1390 2146 esse

219 2200 251 2251 ro
270 2183 390 2249 licitam
412 2181 581 2263 requiritur
603 2179 769 2265 dispositio
799 2178 1003 2262 conferentis,
1033 2178 1091 2246 sed
1121 2178 1219 2245 etiam
1248 2181 1320 2265 ejus
1343 2183 1391 2248 cui

271 2285 441 2352 confertur:
462 2282 590 2354 videtur
605 2282 689 2348 enim
711 2282 744 2346 in
765 2282 907 2367 patiente
924 2281 1079 2366 disposito
1102 2288 1192 2347 aetus
1215 2283 1392 2351 activorum

296 2438 318 2470 ⁵⁴
335 2437 367 2489 L.
393 2451 453 2490 cum
477 2433 515 2487 ari
539 2434 627 2503 ipsam
653 2463 686 2472 -
715 2432 746 2486 F.
764 2432 803 2486 M.
922 2432 993 2487 inter
1010 2432 1168 2487 abstineatur
1185 2439 1213 2486 et
1222 2433 1392 2490 adsumatur.

337 2536 423 2590 quare
441 2517 479 2573 art
496 2518 582 2588 ipsam
924 2516 999 2584 Quae
1017 2517 1040 2571 si
1058 2516 1214 2586 displicent,
1237 2519 1314 2588 legas
1333 2535 1394 2575 curn

296 2608 318 2639 ⁵⁵
335 2606 366 2658 L.
385 2609 411 2658 et
428 2619 483 2657 uorr
501 2619 516 2656 a
534 2605 671 2658 contrario
923 2602 956 2655 V.
975 2607 1152 2657 consumatur

295 2692 318 2725 ⁵⁸
335 2692 367 2743 A.
385 2688 541 2759 Imperator
558 2693 627 2753 erat,
645 2689 694 2758 qui
705 2689 805 2743 dicitur
881 2687 904 2719 ⁸⁶
921 2684 953 2741 Iu
966 2685 1127 2756 jurisdictio
1139 2688 1271 2757 propria,
1272 2696 1371 2758 posset

353 2772 443 2828 Verba
462 2771 498 2826 Et
515 2773 541 2826 si
556 2789 610 2827 uon
630 2774 730 2828 absunt
746 2773 803 2827 aP.
941 2771 973 2823 F.
993 2769 1067 2840 quod
1084 2771 1273 2827 irrationabile

294 2861 327 2925 ⁶⁰,
344 2861 367 2893 ⁶¹
382 2858 461 2912 L.M.
472 2859 618 2912 minoratio
630 2859 805 2929 jurisdictio·
882 2857 906 2889 ⁰⁷
923 2855 955 2909 F.
974 2856 1120 2925 conferens
1137 2871 1165 2910 sc
1183 2854 1264 2911 babet

336 2945 380 2998 uis
397 2941 515 3013 Imperii
881 2940 906 2974 ⁸⁹
923 2942 955 2993 A.
976 2941 1007 2994 L.
1027 2941 1054 2993 iu
1072 2939 1175 2995 dectruo
1196 2943 1235 2995 ad
1251 2942 1360 2997 Nicom.

294 3030 319 3063 ⁸²
335 3029 406 3082 Hinc
432 3043 531 3081 novum
558 3031 640 3096 caput
671 3025 805 3096 incipiunt
940 3027 973 3079 A.
993 3026 1023 3078 P.
1043 3024 1075 3078 V.
1097 3041 1152 3078 nou
1176 3025 1264 3079 sotum
1285 3028 1323 3082 ad
1339 3029 1397 3084 col-

337 3115 369 3166 A.
389 3113 419 3166 F.
440 3112 470 3164 P.
703 3123 706 3128 ’
925 3110 1064 3164 tectionem

295 3199 320 3232 ⁶³
337 3198 368 3251 F.
387 3197 417 3249 P.
435 3195 529 3250 eadem
546 3197 652 3249 ratione
670 3194 742 3249 alius
883 3195 905 3227 ⁷¹
923 3193 961 3247 M.
980 3194 1010 3247 P.
1029 3193 1061 3247 V.
1081 3193 1206 3249 uideatur
1223 3196 1347 3248 euim-
1363 3197 1395 3252 F.

295 3284 319 3316 ⁶⁵
336 3282 493 3337 Retinemus
520 3281 694 3346 absumatur,
721 3279 802 3348 quod,
924 3279 1053 3334 dicuutur
1070 3280 1140 3333 cuim

338 3367 523 3435 conjecturam
551 3368 673 3419 nostram
705 3379 803 3431 sequu·
940 3364 974 3416 A.
1000 3365 1028 3418 iu
1051 3365 1169 3431 patiente
1196 3370 1223 3418 et
1249 3362 1394 3436 dispositio

337 3459 390 3518 tus,
408 3453 437 3505 in
454 3455 558 3504 textum
575 3448 677 3518 recepit
694 3448 803 3515 Fratic,
923 3479 957 3488 -
974 3449 1008 3502 H.
1026 3449 1057 3503 P.
1072 3448 1105 3503 V.
1125 3455 1152 3503 ct
1170 3448 1228 3503 edd.
1245 3450 1273 3503 iu
1287 3458 1350 3521 pat.
1369 3457 1395 3506 ct

337 3538 400 3590 licet
417 3536 549 3604 expressis
573 3534 657 3588 literis
682 3550 737 3588 non
754 3533 803 3586 ha·
922 3532 1345 3603 dispostro÷sequ1murcodd
1362 3536 1394 3590 F.

336 3621 435 3675 beatur
452 3620 479 3672 in
489 3618 575 3684 codd,
593 3618 638 3686 qui
649 3622 803 3672 assumatur
923 3618 955 3674 L.
966 3618 1002 3672 Μ.
1014 3623 1040 3673 et
1049 3618 1186 3673 Ficinum:
1203 3618 1305 3688 perciti
1313 3637 1393 3692 pora,
1440 3656 1442 3661 ,

338 3704 420 3772 (quod
444 3703 570 3758 exhibent
587 3703 662 3758 editt.
684 3702 802 3757 anterio·
923 3702 972 3757 cite
994 3703 1018 3757 ie
1035 3703 1197 3774 operarioui
1210 3703 1286 3774 cicpii
1300 3707 1397 3775 apcuti

338 3796 391 3855 res)
403 3788 560 3854 scribentes
573 3805 627 3843 non
637 3787 804 3855 distinguunt
922 3789 997 3842 steno
1015 3788 1061 3842 uri
1071 3789 1202 3859 pacientc
1219 3787 1342 3860 disposta

337 3924 713 3978 ⁰⁹An1snornnas'Fthica
731 3923 858 3979 Nicom.
881 3922 927 3977 lib.
946 3924 993 3988 IV,
1018 3937 1076 3991 cap.
1098 3929 1120 3976 l.
1147 3923 1245 3976 transl.
1265 3926 1393 3995 antiqua:

272 3993 382 4059 „Virtus
400 3993 484 4061 magis
506 3990 671 4055 benefacere,
691 4008 771 4061 quam
789 3993 856 4046 bene
869 3992 935 4061 pati,
954 3998 981 4046 et
998 3991 1066 4045 bene
1084 3990 1191 4059 operari
1208 3993 1292 4060 magIs
1312 4009 1395 4062 quam

270 4062 360 4131 turpia
377 4078 431 4115 non
449 4064 563 4128 operari.
593 4061 631 4114 At
640 4061 784 4114 obscurum
802 4065 924 4126 nonest,
944 4075 977 4113 ex
992 4059 1101 4113 datione
1119 4059 1248 4126 consequi
1266 4061 1393 4117 utbene·

271 4129 331 4183 fiola
350 4129 527 4194 conferamus
545 4130 711 4197 honestaque
729 4143 852 4197 agamus,
878 4143 912 4181 ex
929 4127 1086 4197 acceptione
1104 4142 1177 4192 vero,
1204 4134 1234 4181 ut
1252 4128 1395 4186 beneficiis

272 4197 430 4264 afficIamur,
448 4213 503 4251 non
522 4212 685 4265 agamusque
703 4197 820 4265 turpia.“
