2896 4876
415 348 623 404 EDITIONUM
641 346 776 402 SERIES.

166 527 249 590 1618.
283 522 505 589 sequanmur
527 521 635 587 tertia:
710 488 713 496 ¹

548 681 682 766 Sylloge

533 791 702 857 Historiae·

494 901 737 985 politico-eoele-

545 1011 683 1085 siastiea

537 1122 605 1187 Hoo
627 1130 691 1188 est:

411 1233 571 1298 variorum
593 1239 757 1298 auctorum
779 1254 828 1299 su·

259 1345 437 1430 purioribus
459 1343 575 1410 seculis
596 1343 719 1426 aliquot
740 1343 794 1424 qui
816 1343 972 1422 vixerunt,

182 1454 220 1522 do
242 1454 426 1521 discrimine
447 1452 616 1537 potestatis
637 1451 818 1537 Imperialis
841 1459 873 1518 et
895 1452 1051 1519 Ecclesia·

70 1556 167 1650 stioae,
187 1565 431 1650 Imperialisque
446 1562 677 1648 praeeminenti
685 1563 907 1630 iurisdictione
924 1569 956 1630 et
970 1563 1173 1629 auctoritato:

162 1674 187 1717 de
200 1674 291 1727 lmperli
305 1673 398 1716 Romani
413 1673 439 1715 ad
456 1672 578 1716 Germanos
593 1671 749 1715 translatione:
770 1671 797 1714 de
812 1671 898 1713 luridus
913 1672 977 1723 regul
991 1671 1009 1713 tn
1024 1671 1068 1714 lm-

296 1753 394 1836 perii3
424 1751 465 1817 de
486 1748 946 1822 commentitiassonstantini

486 1860 669 1943 donatione,
694 1862 749 1927 &a

449 1973 620 2037 Traotatus
641 1972 777 2055 aliquot:

333 2101 464 2163 quorum
487 2081 667 2164 catalogum
690 2100 761 2146 oum
783 2088 903 2165 tempo·

200 2191 254 2274 ris,
278 2211 340 2273 quo
362 2192 480 2275 singuli
502 2192 610 2274 seripti
632 2198 715 2271 suut,
738 2190 957 2274 adnotatione,
980 2211 1037 2275 pa·

153 2301 227 2383 gina
248 2321 364 2368 auersa
385 2307 550 2382 monstrat,
573 2301 700 2367 oolleeti
722 2302 750 2366 ds
772 2301 962 2368 coniunctim
986 2300 1080 2367 editi:

608 2415 628 2475 a

410 2521 540 2587 Simone
561 2519 716 2587 Sehardio
738 2519 825 2586 ICto.

151 2628 237 2715 Opus
266 2631 413 2697 omnibus
440 2650 537 2697 verae
565 2631 767 2713 antiquitatis
795 2637 827 2697 et
854 2631 1007 2714 antiquae
1032 2649 1085 2696 ve·

13 2714 68 2757 “mh
78 2728 190 2791 ⁸¹¹1diosis,
205 2740 268 2783 hisee
278 2739 386 2792 imprimis
395 2739 540 2790 temporibus,
555 2747 631 2782 eontra
643 2738 729 2791 Papulis
739 2739 855 2790 potestatis
864 2745 1048 2792 propugnatores,
1060 2737 1240 2791 Imperatoriadq.

140 2816 279 2860 auctoritatis
294 2823 459 2867 contemptores
474 2815 492 2856 tlc
506 2816 653 2858 conuulsores
668 2815 728 2858 lactu
743 2815 761 2857 a
776 2815 867 2868 cognitu
882 2815 977 2857 manime
991 2825 1098 2858 neeessa-

539 2892 595 2933 rium
610 2891 703 2934 inutile.

239 2970 433 3038 Subiunotus
456 2976 504 3035 est
526 2971 626 3037 index
648 2990 752 3036 rerum
775 2977 808 3036 et
829 2971 999 3036 verborum

343 3081 597 3147 memorabilium
619 3081 897 3164 locupletissimus.

505 3193 580 3256 Luo.
605 3195 655 3256 22.
679 3195 730 3257 25.

98 3281 176 3347 Reges
190 3300 289 3353 gentium
305 3300 503 3349 dominumtuum,
519 3300 588 3352 urnii
603 3306 735 3352 potestatem
749 3300 833 3344 habeut
848 3301 870 3342 iu
885 3311 930 3351 eas,
946 3299 1041 3343 benessoi
1055 3309 1138 3341 vocau-

468 3384 513 3419 tor:
528 3376 570 3418 Vos
585 3383 659 3418 eutem
675 3387 719 3418 non
734 3375 776 3419 sic.

438 3453 581 3537 [Signum
603 3453 807 3539 typographi]

522 3634 726 3717 Argentorati

264 3743 451 3828 Sumptibus
474 3744 656 3810 Haeredum
678 3743 804 3809 Latzari
827 3743 979 3810 Zetzneri.

427 3855 520 3920 Auno
543 3855 584 3919 M.
608 3853 674 3920 Dc,
696 3853 817 3920 XVlII.

176 4030 213 4096 In
234 4032 320 4097 folio.
364 4033 580 4098 Monarchiam
602 4032 837 4115 amplectuntur
859 4051 890 4113 p.
914 4032 1070 4094 80-104.
