2902 4874
257 290 297 352 26
519 290 657 347 DANTIS
676 292 893 349 MONARCHIA
910 294 932 350 L
951 294 979 349 G.
1000 297 1039 347 13.
1058 297 1120 359 (15).

256 484 349 550 Unde
377 481 591 567 Philosophus
619 481 662 547 ad
681 482 926 550 Nicomachum:
960 482 1030 566 „De
1052 482 1092 549 iis
1115 481 1236 566 enim,“
1264 482 1379 568 inquit,

255 604 358 668 „quae
380 585 413 648 in
434 583 636 667 passionibus
658 591 691 650 et
705 586 891 670 actionibus,
914 605 1075 652 sermones
1097 585 1201 651 minus
1216 591 1291 650 sunt
1313 606 1379 651 ore-

257 685 371 753 dibiles
400 684 580 768 operibus.“
622 686 705 752 Hinc
733 686 830 753 etiam
852 686 1017 753 dicebatur
1039 686 1079 752 de
1101 688 1191 753 coelo
1217 686 1381 771 peccatori

206 802 238 853 20
257 787 378 854 David:
416 788 541 871 „Quare
570 795 604 854 tu
626 808 755 854 enarras
789 788 928 854 iustitias
955 788 1087 855 meas?“
1121 789 1212 871 quasi
1241 789 1379 856 diceret:

255 891 385 957 Frustra
407 890 555 976 loqueris,
579 910 675 973 quum
697 896 731 955 tn
752 891 796 956 sis
818 891 900 957 alius
922 893 1018 958 abeo
1041 891 1127 973 quod
1140 892 1290 974 loqueris.
1329 892 1380 957 llx

256 995 370 1077 quibus
386 994 554 1078 colligitur,
577 993 663 1076 quod
678 992 797 1078 optime
813 992 1002 1078 dispositum
1016 1013 1088 1059 esse
1103 998 1237 1078 oportet,
1257 993 1378 1079 optime

255 1098 337 1165 alios
360 1097 529 1182 disponere
551 1096 719 1163 volentem.

341 1199 407 1267 Sed
435 1199 608 1264 Monaroha
636 1198 723 1263 solus
756 1203 806 1262 est
832 1197 905 1281 ille,
940 1197 994 1279 qui
1022 1202 1128 1283 potest
1155 1198 1277 1282 optime
1306 1218 1378 1265 esse

207 1320 238 1371 25
256 1302 429 1388 dispositus
457 1300 500 1365 ad
526 1297 708 1380 regendum.
753 1299 847 1378 Quod
868 1300 913 1366 sio
936 1299 1130 1365 declaratur:
1156 1300 1377 1383 Unaquaeque

253 1425 304 1471 res
332 1425 371 1471 eo
393 1402 518 1468 facilius
541 1406 572 1466 et
599 1400 769 1484 perfectius
797 1401 840 1466 ad
867 1403 1011 1467 habitum
1032 1408 1065 1468 et
1086 1401 1129 1466 ad
1157 1402 1377 1486 operationem

255 1505 447 1590 disponitur,
482 1493 543 1585 quo
566 1502 669 1567 minus
690 1501 723 1566 in
745 1523 785 1568 ea
814 1509 863 1568 est
885 1502 926 1570 de
954 1502 1177 1570 contrarietate
1205 1503 1250 1568 ad
1279 1506 1377 1573 talem

256 1607 509 1693 dispositionem:
532 1603 615 1669 unde
638 1604 764 1670 facilius
786 1611 818 1671 et
832 1605 1001 1690 perfectius
1016 1606 1147 1672 veniunt
1169 1606 1212 1671 ad
1229 1607 1377 1674 habitum

254 1707 496 1795 philosophicae
524 1707 683 1792 veritatis,
713 1707 767 1791 qui
794 1707 876 1773 nihil
896 1726 1035 1789 unquam
1057 1707 1256 1792 audiverunt,
1281 1728 1377 1791 quam

205 1829 237 1879 ao
255 1812 309 1895 qui
331 1810 519 1876 audiverunt
539 1829 597 1892 per
618 1813 772 1893 tempora,
794 1814 827 1874 et
840 1810 931 1876 ialsis
947 1810 1148 1895 opinionibus
1162 1810 1278 1875 imbuti
1293 1818 1375 1878 sunt.

252 1917 387 1999 Propter
416 1911 501 1994 quod
528 1912 609 1976 bene
639 1910 780 1977 Galenus
807 1911 924 1993 inquit:
957 1903 1054 1976 Tales
1082 1911 1202 1995 duplici
1229 1917 1376 2000 tempore

252 2014 394 2097 indigere
426 2012 469 2077 ad
497 2013 661 2079 scientiam
689 2013 925 2095 acquirendam.
970 2013 1073 2092 Quum
1102 2031 1177 2095 ergo
1200 2015 1377 2081 Monarcha

251 2118 372 2182 nullam
394 2115 577 2200 cupiditatis
598 2116 797 2181 occasionem
819 2115 937 2179 habere
958 2115 1075 2198 possit,
1105 2115 1158 2180 vel
1179 2117 1296 2182 saltem
1320 2119 1376 2183 mi-

253 2218 372 2283 nimam
392 2217 475 2282 inter
488 2216 648 2299 mortales,
671 2222 706 2280 ut
720 2216 864 2301 superius
880 2221 929 2281 est
944 2222 1113 2301 ostensum,
1138 2217 1224 2299 quod
1239 2220 1377 2287 caeteris

204 2339 235 2392 35
253 2319 449 2407 principibus
470 2339 533 2385 non
556 2318 716 2402 contingit,
739 2322 772 2383 et
793 2318 951 2403 cupiditas
964 2319 1036 2402 ipsa
1052 2321 1121 2386 sola
1135 2320 1176 2384 sit
1192 2321 1378 2406 corruptiva

250 2422 374 2506 iudicii,
403 2428 436 2486 et
456 2420 596 2486 iustitiae
617 2419 853 2506 praepeditiva3
885 2440 1081 2503 consequens
1103 2425 1166 2505 est,
1197 2422 1285 2504 quod
1306 2423 1377 2508 ipse

251 2527 304 2592 vel
326 2523 462 2606 omuino,
485 2524 538 2588 vel
561 2522 699 2588 maxime
724 2523 803 2588 bene
833 2522 1006 2608 dispositus
1034 2523 1077 2588 ad
1098 2523 1274 2603 regendum
1306 2545 1380 2593 esse

250 2630 370 2712 potest,
405 2624 479 2707 quia
507 2624 588 2689 inter
616 2630 759 2691 caeteros
787 2624 937 2691 iudicium
965 2629 997 2690 et
1025 2623 1180 2689 iustitiam
1207 2624 1383 2709 potissime

277 2811 300 2844 ²⁰
316 2809 384 2864 Post
409 2809 527 2863 iustitias
556 2825 630 2864 meas
653 2810 685 2864 L.
709 2809 784 2864 addit
901 2824 969 2864 vers.
989 2808 1077 2862 Ficini
1094 2805 1171 2874 ‹„cbe
1187 2806 1280 2865 bonno
1299 2810 1389 2867 ndito

314 2910 367 2966 per
394 2908 426 2947 oc
451 2898 541 2958 tuum,
574 2909 642 2961 quae
669 2895 697 2948 in
728 2894 783 2948 fine
902 2894 923 2949 il
950 2893 1053 2963 falad‘)
1085 2894 1288 2950 emendaveram
1312 2913 1392 2967 pero

316 2993 411 3034 versus
429 2976 512 3032 habet
529 2978 681 3033 Psalmista.
903 2994 994 3044 versa,
1016 2979 1087 3049 quod
1104 2981 1253 3034 intextum
1270 2983 1391 3050 recepit:

277 3065 299 3097 ²¹
317 3063 347 3117 F.
368 3062 408 3117 Τοι
435 3063 545 3133 frustra
568 3065 694 3134 loqueris.
737 3062 785 3120 Ex
903 3063 1083 3119 Fruticellius.

319 3146 419 3217 quibas
861 3148 884 3181 ³¹
901 3149 934 3200 A.
953 3148 984 3202 F.
1004 3148 1038 3203 H.
1057 3148 1087 3203 P.
1106 3148 1138 3202 V.
1159 3149 1297 3205 Gallenos.

334 3232 368 3284 A.
387 3247 469 3301 quum
487 3233 525 3285 sis
542 3232 613 3288 alius
630 3235 664 3290 ab
682 3251 713 3289 co
862 3235 886 3268 ³²
903 3234 934 3288 F.
952 3234 991 3289 ad
1005 3235 1144 3290 scientiam
1168 3235 1387 3306 admiscendam

277 3317 301 3349 ²⁶
317 3316 351 3370 A.
369 3315 401 3369 F.
419 3347 453 3354 —
470 3315 578 3387 Reliqui
595 3319 723 3374 omittunt
741 3335 783 3375 se·
862 3320 885 3353 ³⁵
902 3321 934 3372 A.
954 3323 981 3374 et
998 3319 1038 3374 ed.
1052 3319 1153 3374 Fratic.
1165 3322 1282 3375 coeteris
1295 3323 1387 3393 prin-

318 3400 435 3456 cnndum
453 3400 491 3455 od
852 3436 855 3443 -
904 3404 1009 3476 apibus
1025 3410 1094 3459 οοοτ.

277 3485 300 3519 ²⁰
316 3485 348 3540 L.
371 3485 403 3540 V.
431 3484 501 3540 nibil
526 3503 664 3557 nunquam
692 3519 725 3528 -
750 3489 784 3542 A.
920 3488 990 3542 Edd.
1007 3489 1109 3558 antiqu.
1127 3505 1181 3543 noo
1200 3491 1319 3563 coattpit

316 3586 455 3640 οοιοοοοοο
473 3569 580 3640 aliquid
921 3574 952 3627 L.
971 3574 1107 3646 cupiditas
1124 3573 1171 3629 illa
1188 3573 1248 3630 sola

279 3657 302 3691 ³⁰
318 3655 361 3710 lta
378 3655 406 3710 in
424 3657 556 3711 omnibus.
583 3656 641 3710 lam
651 3657 714 3711 olim
725 3674 785 3713 cum

320 3827 340 3859 ¹⁷
358 3825 622 3881 AsrsnonnnnsEth.
637 3826 794 3882 Nicomach.
812 3827 846 3882 X.
867 3833 888 3882 l.
907 3829 1041 3883 Translat.
1055 3833 1124 3883 ant:
1144 3831 1255 3896 „Dehis
1266 3833 1381 3902 quidem

250 3895 320 3951 enim
329 3893 392 3963 qui“
400 3895 506 3960 (quael)
521 3894 566 3962 „in
575 3895 746 3965 passionibus
757 3901 784 3950 et
793 3895 952 3962 actionibus,
971 3913 1106 3952 sermones
1115 3899 1203 3954 minus
1215 3907 1279 3955 sunt
1288 3901 1381 3957 eredi-

249 3964 317 4019 biles
327 3959 481 4031 operibus.“
551 3964 575 3995 ²⁰
591 3963 633 4017 Ps
643 3964 706 4017 alm
718 3968 750 4018 50
761 3964 848 4023 (Cath.
860 3968 903 4030 49)
913 3982 936 4019 v.
949 3970 987 4019 16.
1058 3967 1081 4026 ³⁹
1090 3970 1339 4039 ,‚pertempora“,i.
1349 3984 1379 4023 c.

250 4037 371 4153 tempore
388 4028 545 4098 incongruo.
617 4033 640 4064 :a
657 4031 788 4086 Gnnnnos
805 4031 847 4086 De
871 4033 1063 4102 cognoscendis
1087 4035 1269 4106 curandisque
1291 4034 1378 4092 animi

250 4116 309 4155 mor
328 4099 351 4153 is
369 4111 428 4166 cap.
450 4103 489 4151 10.
508 4098 527 4151 f.
547 4113 614 4153 vers.
651 4099 702 4153 Ed.
721 4100 824 4153 Konna
841 4101 874 4155 V.
891 4100 976 4153 Ὅπου
993 4099 1046 4168 γὰρ
1066 4100 1107 4154 ἔτι
1123 4105 1264 4172 μογῐστων
1284 4102 1377 4158 ὄντων

249 4171 314 4227 (τῶν
336 4169 445 4231 παθών)
472 4163 652 4234 &sparserat
675 4167 806 4236 λογισμὸς
834 4164 1008 4238 ἀγύμναστος
1032 4168 1082 4233 ὢν,
1103 4173 1208 4240 μᾶλλον
1231 4172 1373 4245 κρατήσει,

252 4234 343 4300 διττῆς
377 4229 511 4304 ὑπεροχῆς
528 4231 558 4286 ἐν
576 4239 614 4301 τῷ
628 4234 725 4305 χρόνῳ
743 4238 945 4307 προγενομένοις
963 4234 1048 4305 αὐτῷ.
