2896 4876
525 337 812 394 PROLEGOMENA.
1167 340 1230 393 XLI

43 616 44 619 Ἴ
206 515 242 587 ln
262 514 426 603 Convivio,
446 513 478 584 in
507 513 597 585 libris
617 514 656 583 de
672 512 795 606 vulgari
815 512 1009 610 eloquentia,
1028 514 1060 584 in
1083 514 1227 610 epistolis

34 703 35 706 η
109 642 173 714 Iere
207 643 377 732 omnibuS,
411 642 443 711 in
473 639 702 729 CantionibuS,
736 639 769 709 in
799 639 867 734 ipsa
895 638 1072 717 Comoedia
1108 641 1227 713 iterum

102 768 287 864 iterumque
322 768 532 865 conqueritur
558 766 678 837 [lantes
712 767 751 836 de
788 765 925 860 injusto,
958 768 1044 863 quod
1072 771 1229 864 perpetie-

9 985 10 989 ,
94 893 215 987 batur,
250 895 355 966 exilio.
400 884 446 964 ‘ln
476 894 545 969 Vita
583 918 664 964 nova
699 903 731 965 et
764 893 797 964 in
825 893 1011 965 Monarcbia
1040 895 1117 965 solis
1144 896 1228 967 inter

4 1122 5 1126 Ἰ
92 1047 202 1121 opera
230 1023 371 1094 auctoris
394 1023 497 1093 nostri
523 1022 623 1093 altum
643 1021 683 1091 de
699 1017 795 1092 exilia
823 1022 1000 1112 silentium,
1019 1019 1110 1115 cujus
1137 1023 1228 1114 ratio,

1 1155 2 1159 ’
85 1152 166 1222 nisi
202 1161 376 1244 utrumque
410 1149 501 1245 prius
535 1173 632 1243 quam
666 1148 773 1219 solum
801 1159 926 1220 vertere
960 1157 1089 1220 coactus
1109 1149 1229 1220 -l'uerat

74 1274 224 1349 Dentes
252 1275 432 1372 composita
460 1299 531 1346 esse
560 1275 716 1366 dicamuS,
734 1276 786 1346 vix
812 1276 873 1347 erit
897 1274 1074 1347 reddenda.

206 1405 272 1478 Sed
299 1404 394 1476 altius
422 1404 483 1474 erit
509 1402 730 1475 redeundum:
760 1403 997 1475 Gravissimum
1024 1405 1227 1497 arrogantiae

68 1526 228 1628 Papalis
247 1534 495 1624 documentum,
523 1532 609 1604 bulla
628 1531 754 1623 „Unam
775 1533 951 1621 sanetam“,
976 1515 1228 1601 renuntiabatur

63 1653 140 1730 in
156 1660 302 1731 Concilio
323 1658 472 1730 Romano
500 1683 613 1730 mense
633 1658 807 1731 Novembri
835 1658 913 1729 anni
935 1657 1055 1748 1302,
1082 1655 1227 1750 ejusdem

60 1788 191 1879 anni,
219 1811 283 1883 quo
312 1786 443 1878 DanteS,
470 1769 629 1881 legatione
656 1786 680 1857 F
686 1787 924 1858 lorentinorum
955 1786 993 1856 ad
1022 1784 1227 1856 bonifacium

59 1905 246 2006 functus
273 1914 313 1985 de
330 1912 434 1984 Roma
462 1915 662 1985 discesserat.
703 1913 790 1985 Fieri
819 1937 885 1984 non
913 1912 1120 2009 potuit,qnin
1150 1913 1228 1984 haec

55 2028 188 2113 huna
208 2039 400 2113 brevissimo
431 2051 576 2137 tempore
604 2043 765 2136 integram
793 2039 967 2134 exagitaret
990 2037 1156 2134 Europam
1165 2034 1228 2137 ,⁴²)

55 2176 139 2237 et
161 2169 247 2240 inter
273 2168 315 2239 ita
333 2177 517 2240 commotos
535 2178 647 2240 auctor
666 2179 777 2241 noster
793 2178 879 2238 certe
908 2188 973 2236 non
1003 2165 1063 2236 luit
1081 2165 1226 2237 ultimus.

56 2279 219 2368 Nullus
248 2296 379 2393 quidem
413 2295 535 2386 dubito,
562 2297 711 2387 Dantem,
738 2297 832 2367 etiam
862 2303 974 2364 cantra
1002 2292 1225 2364 auctoritatem

56 2425 225 2495 Summi
253 2422 430 2514 pontilicis,
464 2448 503 2494 ex
530 2424 680 2494 cathedra
709 2423 844 2518 loquuti,
878 2423 1015 2492 veritum
1046 2443 1111 2489 non
1147 2443 1228 2509 esse,

56 2552 299 2622 contrariam
335 2551 532 2622 sententiam
566 2551 727 2647 profiteri,
763 2549 1007 2645 rationibusque
1042 2547 1227 2637 defendere,

57 2679 188 2767 quod
209 2692 296 2750 certe
323 2681 419 2750 etiam
447 2678 678 2775 praetermisso
704 2677 783 2747 tanti
803 2676 976 2747 adversarii
996 2674 1130 2746 nomine
1157 2674 1225 2745 fieri

56 2809 245 2896 Poterat,
285 2804 354 2899 ejus
381 2816 489 2877 tamen
524 2807 585 2876 luit
617 2804 770 2875 adversus
810 2827 979 2900 supremas
1008 2801 1111 2872 claves
1139 2825 1227 2871 reve·

57 2934 246 3024 tentiae,
282 2942 318 3005 ut
345 2943 535 3028 argumenta
562 2958 580 3004 a
606 2933 691 3003 Petri
719 2955 908 3002 successore
942 2954 1000 3025 pro
1028 2953 1062 2999 se
1090 2928 1226 2999 adducta

62 3058 234 3134 Silentio
253 3060 439 3157 praeterire,
457 3060 505 3130 vel
523 3061 556 3131 in
578 3060 761 3157 appositum
782 3058 881 3129 finem
902 3058 1105 3152 detorquere,
1129 3080 1227 3127 ausus

68 3197 191 3259 certe
212 3212 279 3259 non
298 3189 422 3259 suisset.
465 3187 535 3258 Hoc
554 3198 682 3278 tamen,
700 3187 726 3258 si
742 3186 863 3257 bullam
884 3208 958 3255 oum
979 3183 1073 3255 tertio
1100 3181 1144 3255 de
1159 3182 1227 3253 Mo·

71 3316 236 3386 llarcbia
255 3315 338 3386 libro
358 3316 598 3411 componimus,
617 3316 735 3386 lactum
765 3336 838 3384 esse
855 3314 1011 3402 videmus,
1030 3321 1065 3382 ut
1086 3335 1226 3406 sequens

52 3438 210 3518 labala
238 3442 356 3513 clarius
384 3442 548 3513 ostendet:

76 3547 308 3572 χ’,-

77 3574 221 3646 Pulchro
239 3590 356 3658 prolata,
373 3588 471 3643 fortius
489 3589 569 3644 etlam
587 3607 638 3658 pro
655 3590 822 3658 Imperatore
841 3591 954 3649 certare,
972 3589 1000 3640 et
1017 3585 1080 3639 ideo
1099 3599 1224 3651 magnam

82 3685 209 3743 Dartem
236 3685 264 3738 in
283 3699 365 3751 opere
383 3687 477 3737 nostro
501 3699 648 3750 recurrere,
665 3689 731 3738 nota
754 3699 798 3737 res
821 3686 872 3736 est.
911 3679 1027 3733 Easdem
1051 3678 1087 3732 ob
1106 3679 1226 3731 rationes

91 3781 294 3845 argumentum
319 3782 441 3831 nostrum
466 3792 482 3830 a
505 3777 580 3832 bulla
601 3776 702 3840 „Unam
721 3779 859 3831 sanctam“
878 3771 999 3827 inlibris
1018 3771 1052 3825 de
1069 3770 1226 3824 Monarchia

92 3874 218 3931 Dromas
236 3870 361 3938 neglecta
384 3871 552 3935 desumtum,
574 3886 607 3926 eo
625 3887 680 3925 non
704 3870 884 3926 labefactatur
906 3866 981 3935 quod
999 3864 1157 3918 constitutio
1181 3863 1227 3917 illa

100 3956 259 4020 immediate
277 3964 385 4033 quidem
403 3959 618 4018 litesPontiticia
634 3979 695 4018 cum
709 3965 787 4032 Rege
804 3963 970 4016 Francorum
989 3957 1125 4025 respiciat.
1155 3956 1226 4010 Pro-

104 4051 179 4112 fecto
194 4059 251 4128 jam
269 4074 286 4112 a
304 4058 474 4128 synchronis,
491 4058 529 4112 ibi
548 4057 582 4110 de
592 4056 718 4124 Philippo
736 4056 809 4111 dieta
826 4055 906 4110 etiam
925 4052 959 4106 de
970 4052 1144 4118 Imperatore,
1162 4063 1226 4104 eae-

113 4150 224 4220 terisque
242 4150 415 4219 Principibus
433 4150 591 4218 aeeipienda
609 4165 679 4215 esse,
698 4166 752 4205 non
771 4147 954 4204 dubitabatur.

191 4245 221 4310 ⁴²)
240 4242 329 4298 Tosrr
344 4244 437 4300 Storr'a
454 4245 484 4299 di
502 4244 651 4314 Bonifozio
667 4243 748 4299 VIII.
767 4262 792 4312 p.
812 4248 870 4299 306.
