2896 4876
572 290 855 348 PROLEGOMENA.
1223 297 1275 349 VII

154 475 284 556 apertos
312 462 382 556 ejus
410 489 538 536 errores
565 462 627 564 (er.
664 468 749 562 gnl
783 493 852 569 oap.
881 467 902 539 o
938 468 995 539 lin.
1036 469 1093 560 17)
1122 472 1272 541 correxit.

154 587 334 661 Rarissime
369 592 556 683 lectionem,
597 619 657 690 ope
697 608 842 667 textuum
878 596 918 665 ab
945 596 1015 690 ipso
1042 608 1175 667 auctore
1201 598 1277 668 alle·

155 729 324 810 gaiorum,
362 720 537 790 enrendare
572 722 676 792 editor
705 733 840 794 conatus
867 747 937 794 esse
965 724 1090 794 videtur
1128 726 1187 813 (ex.
1223 751 1272 819 gr.

153 844 197 914 lll
235 871 303 941 eap.
337 847 350 915 l
385 848 440 917 lin.
470 847 535 937 29,
575 849 630 918 lin.
668 850 715 920 lt
750 860 782 921 et
815 845 904 948 45);
950 874 1053 945 neque
1088 862 1196 922 tamen
1230 854 1274 923 al-

154 985 222 1045 tera
256 999 294 1044 ev
338 984 426 1069 parte
461 974 579 1046 desunt
611 1001 760 1048 errorum
796 1001 953 1048 novorum
988 1003 1005 1047 a
1040 980 1273 1074 posterioribus

154 1102 334 1172 editoribus
360 1102 572 1197 repetitorum
598 1104 760 1200 exempla,
785 1115 820 1174 ut
838 1103 909 1174 Lib.
930 1104 956 1173 ll
982 1128 1051 1200 oap.
1075 1106 1119 1176 ll)
1149 1106 1271 1177 111152

154 1230 319 1324 pupiles
348 1252 405 1330 pro
435 1231 616 1324 pugiles,
649 1241 681 1301 et
720 1256 789 1327 cap.
821 1232 865 1302 12
900 1232 955 1302 lin.
985 1231 1006 1302 3
1037 1233 1185 1303 misere
1214 1258 1271 1328 pro

153 1359 334 1428 miseret.

257 1484 346 1567 Quae
373 1496 555 1579 sequuntur
581 1484 721 1557 Venetae
748 1486 924 1576 editiones,
951 1510 1087 1582 quarum
1117 1501 1180 1565 tres
1208 1486 1273 1556 An-

152 1611 407 1702 111111115Ζ1111,
433 1611 630 1705 reliquarum
659 1637 756 1684 unam
775 1612 860 1684 idem
881 1612 1066 1705 Pisaurus,
1091 1621 1188 1708 quem
1204 1611 1270 1706 jam

153 1740 337 1829 nominavi,
370 1739 520 1828 alteram,
560 1764 696 1835 eamque
730 1741 879 1811 omnium
913 1742 1106 1836 pessimam,
1147 1739 1272 1812 Parrus

153 1864 298 1953 Gerasus
333 1867 508 1960 evulgavit,
542 1866 579 1937 ad
616 1867 739 1939 literam
776 1869 946 1949 inhaerent
980 1868 1122 1960 vestigiis
1148 1869 1272 1963 primae

152 1994 252 2084 illius,
271 2017 352 2088 quae
371 1993 518 2089 Pasquali
538 1976 683 2084 debetur,
704 2020 805 2066 novos
824 2018 952 2065 errores
972 1994 1128 2065 tralatitiis
1150 1997 1270 2091 passim

151 2119 360 2219 adjicientes,
394 2122 480 2192 velut
507 2121 610 2211 Zaba,
644 2147 743 2216 quum
781 2123 834 2194 lib.
862 2122 900 2191 ll.
928 2121 987 2193 lin.
1017 2122 1064 2192 20
1094 2147 1151 2218 pro
1179 2148 1272 2218 por·

152 2250 338 2320 tenderit
371 2249 520 2319 exhibeat
546 2249 820 2343 protenderit.
886 2250 978 2320 Unus
1007 2249 1155 2320 omnium
1184 2249 1271 2321 Zatta

155 2399 277 2447 novum
306 2377 343 2447 ad
375 2387 479 2446 textus
507 2376 771 2448 emendationem
800 2378 937 2448 contulit
963 2377 1163 2467 subsidium,
1197 2389 1272 2473 puta

152 2504 256 2574 varias
280 2504 491 2598 rnanuseripti
519 2502 686 2597 cujusdam
716 2504 836 2575 codicis
864 2505 1030 2590 lectiones,
1057 2529 1135 2598 quas
1163 2515 1271 2575 tamen

153 2655 287 2722 omnes,
315 2631 551 2726 quantumlibet
577 2632 705 2726 probas,
736 2633 768 2702 in
798 2641 889 2702 notas
916 2629 1037 2724 rejecit.
1092 2631 1153 2715 Qui
1181 2631 1273 2722 liber,

153 2757 247 2852 eujus
274 2760 385 2829 aetatis
414 2759 464 2849 sit,
491 2769 522 2827 el
549 2759 602 2830 ubi
627 2770 782 2847 servetur,
810 2783 849 2829 ue
880 2759 973 2828 verbo
1002 2758 1132 2853 quidem
1153 2759 1273 2831 indicat

153 2887 269 2956 editor.
314 2886 373 2956 Vix
401 2898 508 2956 autem
536 2888 716 2956 accuratior
743 2887 864 2956 codicis
890 2885 1132 2958 Felinensis
1161 2889 1271 2958 notitia

152 3014 192 3087 ad
231 3038 282 3084 me
317 3022 514 3108 pervenerat,
548 3038 648 3108 quum
678 3038 716 3083 ex
744 3036 782 3083 eo
810 3013 965 3084 lectiones
992 3039 1009 3085 a
1037 3015 1125 3085 Zatta
1153 3015 1272 3110 publici

148 3142 233 3237 juris
268 3143 365 3212 laetas
401 3165 532 3212 manare
564 3141 706 3211 intellexi
719 3136 762 3238 Ἰ),
803 3142 886 3234 quod
923 3142 1170 3236 diligentissima
1204 3141 1272 3235 ejus

152 3270 226 3341 libri
261 3268 388 3339 collatio
424 3279 511 3338 entra
546 3269 681 3339 dubium
718 3271 841 3363 posuit,
874 3268 949 3341 licet
982 3270 1080 3364 longe
1116 3267 1270 3362 majorem

153 3396 345 3466 variantium
382 3420 556 3467 numerum
585 3396 727 3466 Venetus
765 3396 871 3466 editor
904 3396 1033 3467 silentio
1062 3398 1272 3492 praeterierit,

151 3535 185 3594 et
220 3524 394 3594 rronnullas
425 3525 520 3595 etiam
550 3547 685 3594 erronee
714 3524 913 3594 indicaverit.
927 3525 951 3616 3)
997 3523 1148 3618 Elegans,
1175 3548 1271 3618 quam

239 3734 259 3797 ⁴²)
278 3732 349 3784 Vide
360 3733 508 3796 „Codicum
527 3729 685 3784 11111111111111ιιι
706 3735 816 3784 nostrae
834 3726 907 3784 bertii
925 3732 986 3786 libri
1004 3731 1086 3800 hujus
1105 3729 1194 3797 operis
1214 3730 1275 3783 edi-

99 3812 105 3818 ’
152 3827 235 3889 doni,
259 3840 340 3893 quam
364 3826 400 3879 ad
426 3825 589 3879 celebranda
607 3823 739 3878 solemnia
753 3823 810 3881 ¹diei
828 3824 915 3877 XXII.
933 3841 967 3878 m.
987 3823 1078 3877 Martii
1099 3828 1160 3876 1811
1182 3823 1275 3890 publi-

151 3920 284 3983 cavimus,
301 3919 487 3985 praemissum.

240 4013 261 4073 ³)
278 4012 336 4066 Lib.
356 4013 367 4064 Ι
387 4027 444 4079 oap.
467 4017 476 4063 1
498 4010 544 4064 lin.
563 4015 576 4060 1
606 4011 667 4064 eod.
688 4010 784 4064 Pelio:
816 4010 987 4065 nonenim
1008 4008 1274 4076 estlignum.=

153 4107 247 4159 Zatta:
277 4121 344 4159 non
368 4121 415 4159 en.
447 4109 500 4158 est
530 4104 676 4170 signum.
713 4104 772 4160 Lib.
798 4104 823 4156 Il
848 4119 907 4170 cap.
934 4109 948 4156 5
983 4102 1089 4156 lineo
1133 4119 1155 4156 e.
1180 4103 1273 4157 Pelin:

152 4198 366 4253 subditurus
399 4203 479 4265 post
514 4197 632 4251 boves.
659 4227 692 4236 -
725 4197 815 4250 Zella:
852 4195 1018 4250 subditur
1048 4202 1129 4263 pos-t
1157 4196 1272 4251 boves.
