2902 4874
335 324 470 380 DANTIS
487 323 707 379 MONAROHIA
723 324 745 376 I.
765 322 794 377 C.
813 328 837 378 6.
857 328 901 389 (8),
920 327 944 377 t.
963 326 1008 388 (9).
1182 321 1220 382 13

97 495 182 580 Ergo
204 502 238 565 et
260 497 338 564 ordo
361 497 395 562 in
414 502 505 581 parte
527 495 571 561 ad
593 493 735 562 ordinem
756 494 790 558 in
811 499 888 578 toto,
910 495 993 560 sieut
1014 494 1057 560 ad
1080 493 1176 562 finem
1190 499 1223 560 et

12 615 13 619 ’
92 600 260 684 optimum.
291 599 342 663 Ex
365 618 428 680 quo
450 599 594 681 habetur,
617 596 704 679 quod
724 597 850 663 bonitas
865 596 985 662 ordinis
998 596 1145 681 partialis
1158 617 1222 662 non
1256 650 1258 655 ,

81 700 226 768 excedit
259 700 433 767 bonitatem
466 700 576 766 totalis
609 698 744 781 ordinis;
778 697 837 763 sed
869 698 972 780 magis
1006 720 1024 766 e
1057 715 1255 766 conversos

75 806 200 886 Quum
227 820 304 884 ergo
334 801 453 885 duplex
482 802 560 868 ordo
588 800 765 883 reperiatur
791 800 825 864 in
852 801 962 883 rebus,
992 800 1069 867 ordo
1100 801 1223 870 seilicet

66 905 237 989 partium
258 904 341 971 inter
367 925 418 987 se,
447 908 479 970 et
507 901 586 969 ordo
614 902 753 986 partium
780 900 824 966 ad
852 901 986 984 aliquod
1011 922 1108 968 unum
1137 903 1223 985 quod

63 1028 157 1073 non
182 1010 233 1074 est
255 1025 330 1090 pars
353 1002 449 1089 (sieut
470 1003 548 1071 ordo
570 1004 709 1087 partium
731 1003 889 1070 exereitus
909 1003 993 1070 inter
1014 1023 1059 1086 se,
1088 1009 1121 1070 et
1142 1005 1221 1071 ordo

61 1129 206 1175 earum
223 1107 267 1172 ad
282 1105 420 1193 dueem),
444 1106 522 1172 ordo
537 1105 675 1191 partium
690 1104 733 1170 ad
747 1125 844 1171 unum
859 1110 908 1172 est
921 1107 1042 1188 melior,
1058 1110 1222 1188 tamquam

56 1210 166 1275 finis
189 1209 340 1293 alterius3
370 1213 419 1275 est
442 1208 525 1274 enim
547 1209 630 1274 alter
650 1212 781 1294 propter
802 1207 899 1291 hune,
927 1228 991 1274 non
1017 1229 1035 1274 e
1058 1225 1273 1276 conversore

57 1311 189 1378 Unde
213 1312 242 1376 si
263 1311 365 1377 forma
386 1310 480 1374 huius
502 1308 622 1375 ordinis
647 1309 803 1393 reperitur
830 1309 863 1373 in
891 1310 1034 1394 partibus
1063 1310 1222 1377 humanae

59 1412 324 1496 multitudinis,
347 1412 446 1478 multo
468 1411 571 1493 magis
594 1411 690 1477 debet
710 1411 843 1496 reperiri
863 1412 897 1476 in
916 1412 987 1497 ipsa
1009 1410 1220 1493 multitudine,

63 1515 164 1581 Sive
187 1515 366 1597 totalitate,
388 1513 532 1596 pervim
554 1513 733 1597 syllogismi
754 1513 938 1597 praemissi,
963 1533 1059 1595 quum
1081 1513 1123 1578 sit
1144 1512 1222 1580 ordo

63 1617 220 1700 12nelior,
243 1616 314 1681 sive
335 1615 437 1680 forma
459 1614 588 1681 ordinis.
620 1613 686 1680 Sed
700 1615 856 1698 reperitur
869 1615 902 1680 in
918 1616 1063 1682 omnibus
1077 1615 1223 1701 partibus

65 1719 257 1784 humanae
279 1716 499 1800 multitudinis,
523 1719 559 1780 ut
580 1737 637 1801 per
659 1736 699 1782 ea
721 1736 803 1799 quae
826 1716 912 1782 dieta
933 1717 1060 1782 suntin
1081 1717 1222 1801 capitulo
1243 1733 1273 1782 15

73 1818 319 1904 praecedenti,
346 1818 424 1884 satis
447 1821 496 1885 est
517 1817 733 1901 manifestum3
765 1837 839 1900 ergo
863 1822 895 1884 et
916 1819 949 1883 in
970 1820 1041 1904 ipsa
1062 1820 1223 1886 totalitate

79 1921 271 2006 reperitur,
301 1921 369 1986 siue
397 1919 530 2005 reperiri
558 1918 663 1985 debet.
714 1919 756 1983 m
784 1921 829 1986 sie
857 1942 967 1987 omnes
995 1928 1104 2007 partes
1131 1943 1222 2006 prae-

85 2027 227 2089 notatae
254 2023 337 2087 infra
365 2040 464 2102 regna
494 2021 618 2105 etipsa
640 2039 739 2102 regna
761 2021 901 2087 ordinari
923 2023 1041 2089 debent
1062 2023 1105 2088 ad
1127 2043 1223 2089 unum

89 2124 296 2209 Priueipem,
328 2124 396 2190 sive
418 2123 651 2208 Priuoipatum,
674 2123 735 2190 hoe
757 2128 820 2207 est,
844 2124 886 2188 ad
907 2125 1130 2208 Monaroham,
1155 2125 1223 2191 sive

93 2225 325 2291 Illonarehiam.
1242 2243 1275 2293 no

501 2440 625 2530 [CAPUT
647 2465 705 2512 vn.
733 2442 823 2530 (1X·)l

13 2643 14 2646 ,
185 2582 350 2665 Amplius,
383 2581 523 2646 humana
555 2581 746 2649 universitas
779 2586 828 2646 est
860 2580 1023 2663 quoddam
1050 2585 1152 2647 totum
1181 2580 1224 2646 ad

29 2757 30 2761 Ἰ
114 2684 257 2756 quasdam
285 2689 408 2768 partae,
438 2690 470 2750 et
498 2689 546 2750 est
575 2682 733 2764 quaedam
760 2702 836 2765 pars
864 2682 907 2747 ad
929 2681 1090 2764 quoddam
1112 2687 1222 2749 totum.

10 2846 13 2852 .
34 2772 35 2779 ἵ
114 2773 162 2847 Est
182 2786 265 2852 enim
289 2783 451 2867 quoddam
472 2789 573 2850 totum
590 2783 634 2849 ad
648 2802 747 2866 regna
760 2783 974 2869 particularia,
998 2790 1029 2851 et
1045 2783 1088 2849 ad
1102 2791 1223 2868 gentes,

36 2900 37 2956 1
112 2883 141 2943 lt
160 2888 323 2973 superiora
344 2885 527 2969 ostendunt;
557 2891 590 2952 et
619 2892 668 2952 est
692 2885 851 2968 quaedam
871 2905 947 2968 pars
968 2886 1011 2951 ad
1031 2891 1135 2953 totum
1155 2887 1223 2951 uni-

7 2987 9 2990 ’
33 3034 34 3037 ¹
108 2994 243 3072 Versum,
271 2995 303 3056 et
324 2988 386 3054 hoe
407 2992 455 3055 est
478 2988 519 3052 de
541 3007 576 3053 se
597 2987 809 3054 manifestum.
854 2986 943 3053 Siout
970 3006 1045 3069 ergo
1074 2987 1257 3055 inferiores

102 3073 260 3158 hllmauae
288 3089 502 3156 universitatis
530 3089 611 3154 bene
638 3088 834 3173 respondent
859 3087 903 3152 ad
927 3088 1046 3173 ipsam,
1081 3090 1127 3156 sio
1153 3090 1226 3173 ipsa

35 3252 36 3257 ,
98 3173 183 3259 bene
210 3191 325 3258 dieitur
351 3188 544 3274 respondere
573 3189 616 3254 ad
644 3209 736 3255 suum
763 3194 873 3257 totum.
917 3192 1030 3258 Partes
1052 3192 1121 3258 eius
1142 3193 1225 3259 bene

91 3292 296 3379 respondent
325 3290 368 3356 ad
395 3292 499 3376 ipsam
525 3312 583 3377 per
610 3311 706 3355 uuum
735 3291 925 3377 principium
952 3298 1090 3376 tantum,
1121 3298 1155 3357 ut
1184 3315 1225 3360 ex

19 3532 20 3540 .
129 3488 146 3521 ⁵
165 3494 195 3547 P.
203 3494 292 3564 mapis
300 3493 542 3548 etaemus—V.
550 3494 638 3564 mapis
756 3493 872 3547 suntin
899 3494 1023 3563 reliquis,
1051 3493 1142 3548 addidi
1165 3509 1225 3548 eum

17 3638 18 3642 ἵ
168 3584 196 3632 et
212 3577 453 3648 conv.—H.map.
472 3579 637 3632 ecorrtrario
755 3578 789 3630 A.
810 3582 838 3631 et
854 3578 887 3634 L.

14 3730 15 3735 ἵ
130 3658 149 3692 ⁸
165 3661 235 3716 Edd.
254 3665 294 3717 sia
310 3662 377 3716 ordo
390 3664 514 3734 partirem
716 3663 736 3695 ¹⁸
752 3662 787 3716 H.
805 3662 836 3715 L.
853 3662 884 3715 P.
897 3664 928 3717 V.
938 3695 973 3702 -
987 3664 1020 3717 A.
1040 3664 1121 3718 r’uxta
1138 3679 1225 3734 repara

14 3792 16 3796 ,
115 3737 151 3779 ¹⁰
167 3747 197 3800 P.
216 3746 297 3800 aliter
310 3753 428 3818 propter
444 3745 516 3802 lora
756 3755 783 3800 et
806 3749 867 3818 ipsa
890 3779 923 3787 -
946 3748 984 3802 M.
1003 3749 1030 3802 iu
1048 3762 1136 3818 repara
1153 3753 1179 3799 et
1196 3748 1224 3800 r'o

16 3900 17 3903 Ἰ
186 3831 218 3885 Ρ.
236 3830 268 3884 V.
288 3847 343 3885 raon
360 3839 388 3885 et
404 3848 419 3885 e
436 3848 565 3886 corrnerso
756 3832 901 3902 ipsa—F.
912 3838 939 3886 et
954 3834 994 3887 sic
1011 3833 1073 3904 ipsa
1090 3832 1224 3902 rapinulam

119 3909 149 3950 ¹2
164 3916 199 3969 A.
217 3915 250 3968 F.
269 3915 304 3968 Η.
321 3916 355 3970 L.
373 3916 412 3970 M.
429 3916 463 3969 V.
487 3949 522 3957 -
548 3916 579 3970 P.
598 3899 669 3971 rr·x
760 3917 864 3986 etipsa

165 4000 360 4071 peraretur-
382 4001 453 4056 Edd.
475 4001 576 4057 dicitur
598 4017 641 4055 re·
692 4000 758 4070 (lap.
776 4000 835 4053 VII.
871 4001 930 4054 ⁴F.
949 4006 975 4055 et
998 3999 1133 4070 quaedam
1155 4017 1227 4071 pars

165 4086 259 4158 periri
725 4087 736 4118 ⁷
753 4086 797 4139 An
814 4084 891 4140 dehet
907 4084 1091 4157 reprendere?

1 4204 8 4238 ⁸.
27 4224 28 4228 ,
128 4169 152 4204 ¹⁸
167 4171 199 4225 F.
214 4187 282 4242 erpo
300 4170 327 4223 r'n
345 4171 406 4241 drusa
774 4169 807 4223 Η.
819 4169 857 4224 ad
871 4186 949 4224 sutum
960 4176 1043 4225 totum
1053 4169 1155 4224 scilicet
1164 4170 1226 4223 urri-

131 4255 152 4288 ¹⁷
168 4256 260 4311 Verba
277 4257 414 4326 reperitur
430 4257 494 4322 siue,
512 4271 580 4324 quae
592 4256 637 4312 de·
756 4270 862 4309 versum
