2896 4876
220 304 365 382 ‘xxxin
670 302 957 359 rsonsconunh

853 402 866 438 l

244 481 504 554 aLudovico
531 480 687 554 Bavaro
721 491 890 580 susceptae
924 480 1121 578 compositos
1156 507 1227 580 esse
1254 484 1374 576 innuit,

245 634 346 706 quum
383 610 418 681 in
451 610 522 705 ipso
556 610 680 707 operis,
715 603 815 681 anno'
833 608 929 682 1559
965 609 1047 705 typis
1082 610 1243 703 mandati,
1276 615 1372 686 titulo

244 736 344 808 dicat:
385 757 466 829 „noc
497 743 686 829 crocitantem
714 742 829 829 noento
859 746 964 828 booten
984 744 1086 829 toccor
1119 761 1153 825 tu
1182 745 1373 830 rostangnus

243 870 293 936 beo
339 869 467 938 {thebin
520 874 571 939 tet
618 871 728 956 htepcto
776 870 924 953 &strichet
970 870 1083 938 itottoo
1131 870 1278 954 totototo
1326 876 1373 941 bo

245 995 394 1079 [chritso.¹¹
451 991 613 1065 Disertius
657 993 754 1065 etiarn
790 993 895 1065 Sinon
929 994 1111 1067 Scunnorus
1144 995 1282 1067 eandem
1319 1008 1372 1070 tu·

243 1127 315 1190 etur
352 1121 557 1212 sententiam,
599 1121 776 1192 editionem
811 1119 919 1217 operis
953 1121 1067 1212 nostri,
1094 1144 1181 1192 anno
1220 1122 1317 1196 1566
1354 1151 1372 1196 a

242 1271 277 1318 se
318 1247 454 1338 factam,
495 1248 537 1318 ita
578 1246 776 1318 inscribens:
823 1247 963 1338 „Dantis
1003 1247 1054 1318 ΑΙ.
1087 1247 1268 1320 Florentini
1301 1251 1372 1323 Mo·

242 1374 384 1466 narohia,
410 1374 528 1470 scripta
555 1375 757 1471 temporibus
779 1373 936 1446 Ludorici
952 1359 1098 1446 Bavari.“
1138 1374 1251 1472 Neque
1278 1377 1373 1450 aliter

241 1500 362 1592 sensit,
395 1502 450 1596 qui
485 1502 588 1573 codici
615 1492 834 1594 Pesthino,
868 1521 932 1598 quo
966 1512 1114 1599 tompore
1152 1502 1289 1596 ignoro,
1315 1506 1372 1577 ad·

240 1629 386 1725 scripsit:
419 1629 551 1721 „Dante
578 1629 749 1724 Alligherii
776 1628 866 1726 Opus
893 1629 932 1700 de
959 1628 1143 1700 Monarchia
1172 1629 1372 1727 Temporali,

240 1780 299 1852 pro
326 1755 493 1827 Ludovico
521 1755 644 1827 Bavaro
672 1756 754 1853 lmp.
790 1766 902 1828 contra
928 1755 1114 1828 Romanum
1143 1755 1372 1832 Pontificem.“

141 1936 143 1938 -
239 1881 380 1977 Egregie
406 1892 516 1955 tamen
543 1907 662 1975 errare,
686 1883 741 1980 qui
769 1884 852 1955 hanc
871 1884 1060 1980 opinionem
1088 1884 1278 1976 defendunt,
1298 1886 1395 1988 jam

239 2009 315 2080 inde
342 2019 445 2106 patet,
472 2011 578 2107 quod,
605 2035 705 2108 quum
733 2011 875 2084 Bavares
908 2011 1091 2083 Romanam
1126 2012 1369 2107 expeditionem

209 2216 211 2218 v
238 2147 460 2232 praepararet,
498 2165 516 2211 a
554 2149 659 2210 morte
706 2137 821 2211 Dantis
864 2140 1028 2234 integrum
1071 2141 1280 2235 praeterierat
1316 2143 1367 2215 lu·

239 2274 356 2335 strum.

340 2390 573 2464 Recentiorum
611 2392 796 2489 complures
830 2392 1012 2492 Boccnrn}
1020 2398 1041 2487 ¹)
1083 2395 1278 2466 sententiam
1317 2421 1369 2467 se·

237 2520 347 2614 qunti,
381 2519 585 2615 temporibus
612 2518 788 2590 Henrici
816 2519 881 2589 Vh.
924 2522 1031 2617 operis
1060 2521 1163 2592 nostri
1190 2521 1367 2616 adsignant

238 2641 586 2745 compositionem,3²)
612 2646 662 2716 vel
680 2671 766 2718 anno
789 2646 896 2736 1309,
924 2649 1047 2743 quode
1073 2649 1285 2720 instaurando
1303 2674 1365 2746 per

238 2773 362 2844 italiam
389 2773 531 2869 imperio
555 2773 819 2868 Luceburgensis
848 2776 989 2869 cogitare
1016 2776 1213 2871 incoeperat,
1237 2777 1287 2847 vel
1315 2801 1367 2848 se-

237 2899 412 2994 quentibus
446 2900 540 2970 annis
576 2901 765 2996 praesertim
798 2900 913 2992 1313,
944 2902 1057 2993 1314,
1084 2902 1200 2998 quibus
1229 2915 1366 2977 conatus

322 3167 350 3230 ³¹)
374 3164 438 3219 Vita
455 3165 486 3219 ἀί
501 3165 599 3219 Dante.
630 3164 684 3220 Ed.
695 3165 820 3220 Barthol.
835 3167 952 3222 Gamboc
970 3172 1058 3234 (1825)
1071 3187 1102 3240 p.
1113 3173 1153 3223 94.
1180 3167 1366 3226 Similcmente

237 3263 330 3328 questo
349 3259 459 3330 eqrcqa'o
477 3265 574 3312 autore
591 3258 921 3332 nellavenotodiArriqo
939 3261 1003 3316 VII.
1032 3261 1212 3334 Imperodorc
1227 3264 1290 3333 fece
1308 3281 1365 3320 rano

236 3349 305 3405 libro
323 3353 352 3405 in
371 3352 457 3405 latina
470 3367 568 3422 proso,
586 3351 609 3406 tt
625 3353 672 3407 coi
688 3354 766 3408 titolo
784 3355 798 3408 ὲ
816 3353 1031 3421 „Monorchia“‚
1050 3355 1073 3409 il
1088 3356 1169 3425 quale
1186 3357 1302 3411 secondo
1322 3364 1364 3412 tre

236 3445 373 3515 questioni,
394 3444 418 3498 lc
436 3445 516 3516 quali
531 3446 560 3499 in
578 3461 636 3500 esso
654 3445 812 3514 determino,
826 3449 855 3502 in
873 3453 913 3502 tre
932 3448 996 3503 libri
1011 3447 1104 3503 divise.
1124 3479 1156 3487 -
1176 3449 1252 3514 Quae
1269 3455 1363 3506 tomen

235 3538 334 3598 omnia.
353 3538 425 3593 sicut
443 3544 471 3594 et
489 3541 632 3608 sequeutia
650 3548 685 3604 (v.
703 3540 773 3594 infra
790 3557 818 3609 p.
832 3541 891 3607 Lll)
910 3557 965 3595 uon
989 3541 1125 3595 habentur
1138 3542 1166 3595 in
1185 3542 1364 3598 ed.Sermar-

235 3631 301 3686 telin
319 3635 415 3699 (rsrsr.
596 3705 602 3711 H
1363 3706 1365 3709 Ι

319 3726 348 3791 ³²)
366 3723 468 3786 Pueri,
482 3725 563 3781 Mem.
568 3709 604 3797 pL
611 3743 679 3781 sero.
688 3726 745 3781 atla
754 3727 810 3781 vito
819 3726 850 3780 di
857 3726 890 3780 D.
900 3724 1026 3780 Secondo
1043 3726 1084 3779 ed.
1094 3725 1152 3780 Fa'r.
1175 3731 1246 3782 1823.
1260 3745 1292 3799 p.
1305 3733 1363 3783 190.

237 3817 316 3872 Grus.
333 3817 456 3873 Marrrr
471 3818 573 3884 Stora'a,
591 3819 618 3874 d.
636 3820 749 3874 letterat.
769 3819 824 3874 ital.
843 3818 903 3873 Mil.
915 3823 987 3873 1815.
1006 3818 1031 3873 Ι.
1049 3824 1089 3873 64.
1125 3819 1227 3874 Briso
1244 3820 1315 3885 Vita,
1335 3822 1366 3877 ἀι·

234 3911 325 3966 Dante
343 3911 387 3966 lto.
406 3911 447 3966 Il.
472 3930 533 3984 cop.
552 3917 590 3966 11.
626 3912 790 3974 Mrssrnrru,
813 3911 876 3966 Vita
898 3912 977 3966 dil).
996 3910 1101 3977 Quarto
1119 3913 1188 3966 ediz.
1206 3912 1265 3968 Mil.
1287 3919 1362 3970 1844.

229 4009 415 4076 11141413.
450 4008 570 4061 Anrnoo
588 4020 628 4059 ure
643 4005 782 4071 Memora,
808 4004 881 4058 Hist.
905 4004 938 4058 de
961 4004 994 4058 Ι).
1019 4005 1061 4058 Αἰ.
1081 4004 1166 4077 Chop.
1189 4010 1230 4064 28.
1265 4008 1361 4074 Ruris

235 4097 333 4152 Gesch.
358 4098 384 4152 d.
407 4098 510 4156 italien.
527 4099 625 4153 Poesie
643 4099 663 4153 1.
689 4104 747 4153 405.
782 4099 877 4160 Pron,
903 4097 972 4154 Ueb.
997 4099 1021 4152 d.
1048 4098 1162 4163 Quellen
1188 4117 1211 4154 z.
1225 4101 1363 4158 Lebens-

235 4191 392 4257 geschichte
412 4197 485 4249 1862.
503 4208 530 4260 p.
550 4196 581 4248 33
600 4196 652 4247 etc.
