2896 4876
977 203 988 247 t

281 305 357 359 LXII
670 307 878 364 EDITIONUM
896 308 1032 364 SERIES.

370 619 459 682 1566.
493 615 715 681 Scunnmann
739 615 858 698 prima:

759 828 808 892 De
828 827 928 893 Juris·

684 1011 688 1033 Ι
712 937 861 1019 dictione,
884 944 972 1003 auto·

640 1048 746 1122 ritate,
768 1054 801 1112 et
821 1048 1042 1130 praeeminen-

566 1158 613 1222 tia
634 1156 804 1240 imperiali,
827 1177 866 1222 ac
886 1163 1045 1241 potestate
1068 1177 1117 1225 ec-

355 1268 543 1349 clesiastica,
568 1266 672 1350 deque
692 1267 819 1333 Iuribus
840 1267 930 1352 regni
954 1268 1143 1353 cumperti,
1166 1268 1328 1336 uariorum

431 1378 619 1456 Authorum,
643 1377 697 1460 qui
719 1383 795 1443 ante
818 1379 898 1444 haec
920 1386 1065 1462 tempora
1086 1379 1246 1464 uixemnt,

561 1488 694 1572 scripta:
717 1489 852 1554 collecta
873 1490 902 1554 b
922 1489 1055 1555 redacta
1076 1490 1109 1555 in

785 1619 898 1664 unum:

408 1706 497 1794 Opus
518 1729 583 1775 non
605 1709 709 1774 solum
731 1709 934 1792 iurisperitis
957 1710 1016 1776 sed
1038 1712 1066 1776 a
1088 1711 1262 1793 Theologis

583 1839 621 1885 ac
643 1818 809 1885 Historicis
831 1821 1002 1903 plurimum
1025 1841 1095 1905 pro·

764 1929 903 1995 futurum

486 2038 640 2104 Autorum
663 2044 738 2105 uero
760 2041 892 2104 nomina
913 2059 1051 2123 sequens
1072 2041 1193 2124 pagina

757 2149 913 2215 indicabit

454 2258 584 2341 [Aquila
604 2258 786 2342 Imperialis
808 2279 879 2324 cum
902 2240 1036 2344 quatuor
1058 2258 1212 2338 distichis]

470 2365 549 2433 Oum
572 2368 663 2435 Caes.
685 2369 809 2436 Maiest.
836 2371 941 2454 gratia
963 2372 991 2436 b
1013 2370 1192 2454 priuilegio.

757 2481 915 2548 Basilcae.

273 2689 374 2756 Folio.
424 2691 463 2755 In
491 2689 554 2757 fine
582 2691 752 2758 voluminis
774 2692 906 2775 legitur:
936 2691 1108 2773 „Basileae
1130 2712 1171 2758 ex
1193 2691 1321 2759 officina
1343 2695 1395 2761 Jo-

272 2801 390 2867 hannis
411 2798 552 2886 Oporini‚
581 2800 675 2867 Anno
698 2802 818 2868 Salutis
840 2803 880 2866 M.
905 2803 944 2866 D.
967 2801 1084 2868 LXVI.
1113 2803 1224 2869 Mense
1246 2803 1394 2870 Martio.“

272 2949 313 2960 -
336 2910 425 2996 Opus
446 2915 590 2979 nostru'm
612 2913 658 2978 sic
679 2912 860 2978 inscribitur
881 2913 1019 2995 „Dantis
1035 2912 1190 2995 Aligherii
1213 2915 1393 2981 Florentini

271 3023 467 3104 Monarchia‚
490 3023 609 3106 scripta
630 3022 825 3106 temporibus
847 3021 1000 3088 Ludouici
1026 3024 1176 3089 Bauari.“
1198 3031 1230 3090 et
1252 3043 1394 3110 compre·

271 3134 384 3200 hendit
404 3133 541 3216 paginas
564 3135 742 3199 237-284.
794 3132 942 3216 Epistola
964 3132 1162 3199 dedicatoria
1182 3131 1225 3198 ad
1246 3135 1392 3200 Maximi-

269 3245 390 3310 lianum
418 3242 468 3325 ΙΙ,
504 3242 579 3308 data
602 3243 791 3325 ,‚Basileae‚
824 3242 899 3308 XX.
929 3241 981 3308 die
1003 3243 1125 3326 Martii,
1154 3244 1248 3308 Anno
1271 3244 1395 3312 Salutis

270 3354 430 3420 humanae
459 3352 502 3419 M.
531 3348 571 3418 D.
600 3352 739 3419 LXVI.“
770 3372 865 3435 quam
893 3353 1080 3437 subscripsit
1109 3352 1246 3434 „Simon
1276 3353 1392 3421 Scher-

271 3464 342 3531 dius
364 3462 426 3528 D.“
449 3463 514 3546 (qui
542 3463 621 3529 obiit
641 3483 670 3529 a.
703 3466 806 3545 1572),
829 3462 939 3546 fusius,
962 3469 994 3529 et
1018 3463 1114 3528 modo
1136 3463 1233 3547 Papio
1255 3463 1395 3532 infestis·

228 3587 234 3592 ·
270 3574 391 3655 simo‚⁴)
421 3579 537 3638 tractat
558 3573 600 3639 de
627 3572 743 3639 finibus
764 3573 848 3639 inter
870 3573 1042 3657 Imperium
1065 3580 1097 3640 et
1118 3575 1296 3641 Ecclesiam
1316 3593 1392 3642 eon-

269 3682 452 3761 stituendis3
475 3682 562 3748 unde
583 3690 690 3750 tamen
713 3690 820 3768 opera,
844 3683 878 3747 in
899 3705 997 3749 unum
1019 3683 1164 3767 collecta,
1188 3684 1340 3768 hauserit,
1359 3691 1391 3750 et

142 3865 145 3871 ,
270 3792 347 3878 quid
374 3793 417 3858 ad
446 3790 682 3859 emendandum
710 3800 833 3859 textum
861 3813 969 3860 eorum
992 3794 1093 3876 egerit
1114 3794 1231 3878 editor,
1261 3795 1393 3863 silentio

269 3902 502 3990 praetermittit.
560 3902 598 3969 In
626 3905 761 3970 bansitu
782 3910 922 3985 tantum,
951 3902 1046 3970 finem
1069 3924 1190 3984 versus,
1215 3927 1314 3972 unum
1336 3907 1389 3975 vel

338 4224 358 4287 ⁴)
376 4220 546 4277 Bonifatium
564 4222 636 4277 VIII.
656 4239 678 4277 e.
697 4238 736 4290 gr.
755 4221 929 4277 Maiefacium
946 4223 1020 4280 dicit.
1062 4248 1067 4269 r
