2902 4874
211 313 252 375 42
516 316 651 371 DANTIS
669 316 888 372 MONARCHIA
905 319 939 373 Π.
959 335 981 374 c.
1002 324 1026 373 2.

211 491 253 557 sit
274 489 405 572 aliquid,
429 489 504 554 licet
526 489 591 553 alia
614 491 713 556 verba
735 490 807 573 sint,
830 490 910 555 nihil
933 497 1040 557 tamen
1054 491 1144 558 aliud
1159 493 1335 578 quaeritur,

212 613 306 676 quam
328 597 431 656 utrum
445 591 563 657 factum
586 591 627 656 sit
649 592 821 658 secundum
844 593 930 674 quod
944 595 1031 660 Deus
1055 595 1133 661 vult.
1170 595 1242 661 Hoc
1258 614 1336 678 ergo

160 715 193 766 ro
212 679 414 781 supponatur,
438 693 524 775 quod
546 693 627 757 illud
643 693 728 775 quod
743 696 832 760 Deus
853 694 887 758 in
902 695 1066 761 hominum
1084 696 1238 764 societate
1254 699 1333 782 vult,

210 795 291 861 illud
311 815 369 878 pro
391 815 467 861 vero
490 800 586 877 atque
609 794 731 861 sincero
750 795 823 879 jure
845 795 1027 863 habendum
1049 798 1099 866 sit.

294 899 464 963 Praeterea
492 897 675 964 meminisse
704 904 842 982 oportet,
867 899 967 982 quod,
993 905 1027 964 ut
1049 901 1333 986 Philosophus

210 998 304 1065 docet
330 999 364 1063 in
390 998 502 1081 primis
530 997 573 1063 ad
600 999 842 1065 Nicomachum:
886 1002 979 1084 „Non
1007 1001 1153 1068 similiter
1180 1003 1214 1067 in
1247 1004 1335 1069 omni

146 1162 148 1166 .
209 1100 343 1167 materia
366 1100 520 1166 certitudo
543 1102 725 1183 quaerenda
747 1108 811 1185 est,
835 1102 893 1168 sed
915 1104 1087 1169 secundum
1110 1103 1195 1186 quod
1217 1109 1333 1169 natura

162 1227 194 1277 45
212 1203 259 1268 rei
280 1202 444 1287 subjectae
466 1201 610 1285 recipit.“
653 1203 788 1288 Propter
817 1205 903 1286 quod
931 1204 1123 1272 sufficienter
1144 1213 1334 1287 argumenta

213 1306 271 1371 sub
292 1305 422 1369 invento
437 1303 592 1389 principio
607 1306 788 1390 procedent,
812 1306 839 1371 si
862 1325 904 1370 ex
919 1306 1095 1373 manifestis
1117 1307 1215 1389 signis
1235 1312 1333 1389 atque

212 1407 391 1492 sapientum
413 1406 655 1472 auctoritatibus
674 1407 728 1490 jus
750 1408 836 1472 illius
864 1408 975 1492 populi
997 1409 1128 1489 gloriosi
1151 1414 1331 1491 quaeratur.

210 1510 365 1576 Voluntas
395 1506 524 1589 quidem
551 1508 614 1572 Dei
642 1529 698 1593 per
727 1529 761 1575 sc
788 1509 958 1575 invisibilis
987 1515 1050 1593 cst,
1076 1510 1134 1576 sed
1155 1510 1333 1576 invisibilia

210 1613 288 1694 Dei,
311 1631 369 1693 per
391 1629 430 1675 ea
453 1609 641 1691 quaefacta
663 1616 750 1694 sunt,
773 1610 937 1677 intellecta
960 1612 1201 1696 conspiciuntur.
1248 1614 1332 1678 Nam

159 1735 192 1787 50
212 1713 335 1779 occulto
358 1711 514 1778 existente
537 1712 653 1794 sigillo,
678 1732 750 1777 cera
772 1711 928 1797 impressa
951 1713 991 1778 de
1013 1713 1086 1797 illo,
1110 1715 1257 1796 quamvis
1281 1737 1331 1783 oc

211 1815 305 1897 culto,
327 1812 425 1878 tradit
445 1810 591 1877 notitiam
613 1813 828 1880 manifestam:
858 1834 916 1879 nec
938 1815 1068 1899 mirum,
1092 1816 1119 1881 si
1143 1815 1254 1881 divina
1276 1838 1331 1884 vo-

209 1916 314 1980 luntas
336 1935 394 1998 per
415 1913 507 1994 signa
536 1913 719 1995 quaerenda
742 1919 804 1998 est;
836 1934 932 1997 quum
954 1915 1051 1982 etiam
1077 1915 1217 1982 humana
1240 1924 1333 1984 extra

210 2018 370 2084 volentem
391 2034 454 2080 non
476 2014 570 2080 aliter
592 2034 688 2097 quam
709 2036 766 2098 per
788 2015 879 2099 signa
902 2023 1054 2084 cernatur.

237 2219 261 2251 88
277 2217 309 2271 L.
328 2234 383 2271 uon
401 2221 488 2270 tanton
507 2217 584 2270 aliud
602 2217 710 2287 quaerat
863 2217 1021 2273 retinuimus
1040 2220 1183 2277 lectionem
1202 2220 1287 2276 Codri.
1305 2229 1331 2277 et

236 2304 261 2336 ³⁹
277 2303 308 2356 F.
324 2301 355 2356 P.
372 2301 499 2356 omittunt
511 2318 598 2372 quum
862 2303 931 2356 Edd.
951 2303 1123 2372 antiquarum

236 2389 267 2452 88,
281 2390 305 2421 88
322 2388 354 2441 F.
381 2387 435 2440 Hic
461 2393 635 2457 supponatur
670 2386 746 2456 quod
822 2389 844 2420 88
862 2389 894 2440 A.
915 2388 998 2442 trudit
1015 2390 1151 2442 notionem
1168 2420 1202 2427 —
1220 2389 1256 2446 Η.
1277 2400 1332 2445 tro-

277 2473 350 2527 Deus
367 2473 395 2526 in
413 2470 483 2526 honr.
500 2501 533 2510 -
550 2471 580 2524 P.
599 2471 661 2525 Hoc
678 2487 744 2542 erpo
863 2471 932 2525 didit
948 2474 1072 2526 laetitiam

275 2574 356 2628 supp.
375 2556 450 2626 quod
466 2555 535 2610 illud
551 2558 578 2610 c‘n
596 2556 667 2610 tom.
705 2598 707 2601 .
822 2557 845 2588 88
862 2555 930 2610 Edd.
951 2573 1033 2626 quum
1052 2556 1168 2611 othum.

235 2643 258 2675 ⁴²
275 2642 314 2697 M.
339 2647 366 2695 et
382 2641 452 2694 Edu.
479 2645 591 2694 recentl.
618 2641 744 2695 omittunt
880 2641 911 2694 L.
921 2641 958 2694 M.
970 2641 998 2694 Ρ.
1013 2642 1045 2696 V.
1064 2640 1184 2697 humana
1202 2646 1332 2718 exempla

277 2733 358 2782 ut-
375 2727 407 2779 F.
426 2732 543 2797 oportet,
560 2732 591 2779 ut
608 2724 709 2780 Philas.
823 2722 848 2758 88
863 2725 901 2778 Μ.
925 2726 1030 2780 colente
1050 2758 1085 2766 —
1107 2727 1140 2779 A.
1165 2729 1332 2785 voluntatem

236 2813 260 2846 ⁴³
278 2812 357 2866 Turr.
374 2817 401 2866 et
410 2810 511 2864 Fratic.
521 2811 590 2865 male
609 2812 637 2864 z'n
650 2811 744 2882 priora
863 2826 943 2878 quam
965 2811 1106 2882 lectionem
1129 2813 1211 2867 Zatta
1233 2820 1260 2868 et
1287 2831 1331 2871 co·

238 2898 262 2930 88
279 2897 310 2950 F.
329 2897 415 2967 stpnis
433 2901 481 2949 aut
497 2897 650 2966 sapientum
863 2894 916 2948 dici
938 2896 971 2952 F.
993 2896 1096 2950 tribuit.
1119 2928 1152 2936 —
1178 2898 1210 2951 L.
1237 2899 1333 2954 coluri-

238 2984 262 3016 88
278 2980 743 3048 ItaemendavimusprobanteFra·
864 2986 948 3033 tatum
1025 3026 1027 3029 .

278 3066 386 3120 ticellio.
412 3064 495 3120 codd.
526 3070 553 3118 et
576 3063 645 3117 Edd.
672 3063 741 3117 anti·
877 3065 908 3120 P.
921 3082 975 3136 per
992 3066 1072 3136 siqua
1091 3073 1242 3135 quaeratur

278 3151 385 3218 quiores
403 3155 429 3203 et
446 3148 590 3203 invisibilia
878 3148 1013 3217 Integrum
1041 3150 1144 3217 locum,
1180 3151 1216 3205 ad
1253 3169 1333 3221 quem

126 3259 128 3272 ·
236 3237 260 3270 88
277 3234 413 3289 Intellecta
438 3234 591 3303 conjecerat
612 3233 740 3300 Turrius;
863 3232 1052 3288 conferendum
1076 3240 1118 3288 est
1143 3241 1225 3303 caput
1254 3238 1332 3305 quin·

276 3317 620 3375 auctoritatemBibIIorum
628 3317 742 3385 sequuti,
862 3321 919 3370 tum
928 3319 1015 3373 verbis
1034 3320 1093 3384 „De
1110 3320 1260 3375 intentione
1276 3338 1331 3376 om·

277 3491 301 3522 88
317 3490 510 3543 Asrsrornnns
529 3487 556 3540 in
573 3486 636 3539 Eth.
654 3485 809 3540 Nicomach.
827 3486 848 3539 I.
867 3492 891 3551 l,
909 3488 1056 3542 secundum
1076 3492 1194 3542 veterem
1211 3492 1329 3546 transla-

209 3560 310 3613 tionem
327 3557 388 3612 inO
409 3556 500 3610 eribus
518 3555 544 3608 S.
558 3555 680 3608 Tuouns
697 3554 853 3617 Aomnsrrs
872 3556 976 3622 (Lectio
986 3557 1043 3621 XI.)
1061 3557 1235 3622 „Meminisse
1252 3574 1331 3628 opor·

210 3632 262 3692 tet,
287 3574 473 3680 certituiinem
495 3640 549 3679 non
570 3623 599 3676 in
623 3623 745 3703 omnibus
768 3622 890 3678 similiter
913 3625 1067 3693 exquirere,
1095 3623 1142 3679 sed
1168 3625 1195 3679 in
1219 3626 1331 3695 singulis

211 3694 358 3750 secundum
382 3694 532 3761 subjectam
554 3695 719 3744 materiam.“
795 3692 819 3724 ⁴⁸
836 3691 943 3760 Epist.
964 3692 1005 3746 ad
1022 3693 1192 3747 Romanos
1213 3699 1237 3748 1.
1255 3713 1278 3749 v.
1299 3699 1330 3749 20

212 3762 377 3830 „Invisibilia
393 3760 483 3830 Ipsius
501 3776 518 3814 a
535 3763 660 3814 creatura
678 3759 770 3813 muudi
792 3775 842 3828 per
859 3775 891 3813 ea
908 3776 978 3828 quae
1002 3760 1076 3815 lacta
1095 3765 1158 3815 sunt
1175 3761 1329 3817 intellecta“

210 3829 364 3900 (accipere)
383 3829 630 3898 ‚‚conspiciuntur.“
648 3858 682 3865 -
700 3827 739 3881 cf.
758 3828 840 3882 linem
859 3828 954 3896 capitis
973 3829 1062 3897 quarti
1080 3833 1107 3883 et
1124 3832 1147 3894 ᾖ.
1168 3833 1191 3884 8.
1219 3831 1328 3899 Episto-

209 3899 251 3953 lae
269 3899 303 3953 ad
320 3898 408 3965 Reges
426 3906 478 3952 etc.
508 3895 656 3959 (Fraticelli
672 3911 698 3963 p.
719 3897 779 3960 444)
807 3895 854 3962 „Si
879 3911 895 3948 a
920 3901 1045 3951 creatura
1067 3897 1159 3951 mundi
1185 3897 1330 3953 invisibilia

210 3967 262 4021 Dei
280 3983 329 4036 per
347 3982 379 4021 ea
396 3981 465 4034 quae
482 3965 557 4018 faeta
575 3968 646 4027 sunt,
663 3963 800 4017 intellecta
818 3963 1036 4032 conspiciuntur,
1060 3971 1087 4019 et
1111 3965 1134 4019 si
1160 3981 1194 4019 ex
1217 3968 1328 4021 notiori·

110 4090 112 4094 ,
211 4035 270 4089 bus·
285 4035 363 4089 nobis
387 4034 534 4091 iunctione:
559 4031 681 4085 similiter
704 4031 818 4085 interest
841 4030 974 4086 humanae
991 4049 1007 4086 a
1027 4033 1213 4102 prehensioni,
1234 4042 1265 4088 ut
1281 4050 1329 4104 per

210 4108 311 4156 motum
330 4101 398 4157 coeli
414 4107 543 4157 motorem
561 4100 739 4167 intelligamus
758 4104 784 4152 et
802 4099 862 4153 e'us
879 4100 971 4153 velle.“
1001 4050 1174 4156 Soluntatem
1185 4102 1237 4157 Dei
1255 4103 1325 4172 sigil-

210 4171 266 4224 lum
283 4171 361 4235 dicit,
381 4169 421 4223 uf.
440 4168 536 4223 Parad.
557 4167 615 4220 Vll.
636 4171 677 4230 68,
702 4171 743 4221 69.
762 4116 833 4220 VHi.
857 4171 911 4220 127.
931 4168 1002 4221 XIII.
1021 4175 1061 4229 68,
1084 4175 1125 4233 75,
1151 4185 1241 4225 ceram
1265 4186 1326 4226 vero

210 4239 357 4292 materiam.
379 4237 446 4291 Ibid.
464 4237 537 4290 XIII.
557 4240 598 4302 67,
617 4240 657 4289 73.
