2902 4874
230 302 270 364 60
515 305 651 360 DANTIS
668 305 887 361 MONARGHIA
904 307 938 361 II.
957 306 986 362 O.
1005 311 1029 361 b.
1048 314 1072 361 7.

228 478 336 545 veniat
357 476 505 562 pauperi,
528 498 591 544 non
613 484 721 545 tamen
742 478 948 563 eleemosyna
969 477 1107 546 dioenda
1129 485 1193 563 est,
1221 480 1280 547 sed
1303 490 1354 549 θεῖ

177 601 209 652 ro
228 581 311 648 aetio
335 578 508 663 quaedam,
539 599 637 664 quae,
667 580 695 646 si
716 579 756 645 de
778 579 907 664 propria
929 581 1108 647 substantia
1135 581 1242 666 fieret,
1266 585 1351 652 elee

227 703 380 768 mosynae
408 682 541 748 formam
569 683 711 748 haberet.
758 680 911 747 Similiter
933 687 983 748 est
1005 682 1045 748 de
1072 682 1134 749 fine
1153 685 1253 770 juris:
1276 688 1358 770 quia

227 785 255 850 si
278 783 414 872 aliquid,
437 789 472 847 ut
486 783 559 848 finis
579 783 681 867 ipsius
699 783 797 867 juris,
820 783 941 865 absque
960 784 1034 868 jure
1057 786 1269 873 obtineretur,
1293 790 1356 855 ita

227 893 311 953 esset
338 884 411 951 finis
435 886 533 970 juris,
563 885 624 951 hoo
651 889 700 951 est
731 903 896 951 commune
927 886 1058 971 bonum,
1089 888 1171 954 siout
1192 891 1358 960 exhibitio

226 988 312 1054 faeta
334 988 373 1053 de
391 988 476 1054 male
498 987 654 1069 aequisito
678 991 726 1052 θεῖ
742 986 960 1071 eleemosyna:
984 993 1016 1055 et
1030 989 1085 1073 sio,
1109 1009 1206 1073 quum
1228 993 1263 1058 in
1277 1016 1352 1080 pro-

82 1118 86 1121 ·
175 1111 207 1162 45
226 1089 384 1172 positione
413 1089 536 1155 dicatur
564 1087 604 1154 de
632 1086 694 1153 fine
714 1087 795 1171 juris
818 1088 989 1173 existente,
1019 1112 1082 1157 non
1102 1096 1228 1159 tantum
1250 1116 1358 1182 appa-

225 1191 329 1275 rente,
353 1191 506 1257 instantia
527 1190 616 1255 nullu
638 1195 694 1257 est.
738 1191 833 1256 Patet
853 1190 964 1273 igitur,
989 1192 1074 1274 quod
1097 1195 1323 1276 quaerebatur.

682 1466 804 1540 [curua
826 1466 895 1540 vn]

309 1651 351 1715 Et
372 1648 453 1715 illud
468 1647 554 1729 quod
575 1653 688 1713 natura
700 1647 875 1732 ordinavit,
898 1648 939 1713 de
959 1649 1033 1733 jure
1048 1657 1209 1718 servatur:
1233 1661 1350 1722 natura

225 1753 308 1819 enim
331 1753 364 1817 in
385 1747 583 1836 providendo
604 1771 669 1817 non
684 1750 791 1816 defioit
813 1751 854 1816 ab
877 1749 1015 1817 hominis
1028 1751 1249 1840 providentia,
1275 1760 1348 1841 quia

223 1856 251 1922 si
280 1854 442 1936 deficeret,
472 1852 604 1919 effeetus
640 1857 805 1938 superaret
839 1872 969 1918 oausam
1002 1852 1036 1918 in
1065 1854 1222 1941 bonitate,
1260 1863 1344 1943 quod

223 1964 272 2023 est
293 1954 500 2039 impossibile.
546 1954 612 2021 Sed
640 1975 698 2022 nos
726 1954 887 2038 videmus,
919 1953 1005 2036 quod
1032 1955 1066 2020 in
1088 1956 1235 2040 collegiis
1257 1962 1342 2029 insti-

189 2063 203 2112 5
223 2057 365 2141 tuendis,
387 2078 451 2122 non
473 2057 576 2123 solum
599 2055 677 2123 ordo
692 2057 886 2138 collegarum
900 2055 943 2120 ad
964 2057 1101 2123 invicem
1125 2062 1343 2133 oonsideratur

222 2161 264 2225 ab
286 2159 480 2243 instituente,
504 2158 673 2225 sedetiam
694 2159 830 2225 facultas
852 2157 895 2223 ad
917 2157 1023 2224 offioia
1046 2163 1234 2250 exercenda,
1259 2169 1343 2249 quod

222 2268 270 2328 est
298 2260 499 2328 considerare
527 2262 694 2326 terminum
718 2260 800 2344 juris
827 2260 861 2324 in
890 2259 1041 2343 eollegio,
1071 2262 1124 2327 vel
1152 2264 1185 2329 in
1217 2268 1344 2355 ordine;

220 2384 285 2431 non
312 2364 397 2431 enim
421 2362 476 2447 jus
504 2362 686 2429 extenditur
714 2362 798 2425 ultra
826 2381 931 2446 posse.
974 2363 1061 2445 Ergo
1090 2366 1131 2431 ab
1154 2367 1217 2434 hae
1237 2373 1343 2455 provi-

221 2465 330 2532 dentia
360 2469 473 2530 natura
499 2485 563 2530 non
593 2463 702 2530 deficit
729 2463 763 2527 in
791 2463 857 2529 suis
886 2464 1050 2532 ordinatis.
1101 2467 1238 2554 Propter
1260 2474 1346 2554 quod

172 2573 203 2622 10
221 2573 325 2654 patet,
350 2565 436 2650 quod
456 2571 570 2631 natura
592 2564 719 2632 ordinat
746 2584 797 2629 res
827 2584 897 2631 oum
918 2573 1066 2651 respectu
1094 2588 1223 2637 suarum
1245 2574 1344 2641 faoul-

220 2675 335 2754 tatum3
371 2669 426 2751 qui
457 2672 620 2751 respectus
652 2672 701 2733 est
734 2665 973 2732 firndamentum
1006 2669 1089 2753 juris
1126 2671 1160 2735 in
1190 2673 1289 2739 rebus
1324 2694 1345 2740 a

219 2777 333 2836 natura
354 2770 502 2856 positum.
545 2768 596 2833 Ex
625 2786 686 2848 quo
718 2767 874 2851 sequitur,
906 2770 992 2851 quod
1019 2771 1097 2837 ordo
1132 2775 1291 2841 naturalis
1312 2775 1345 2840 in

219 2874 315 2939 rebus
337 2873 460 2954 absque
485 2871 557 2954 jure
586 2868 706 2937 servari
734 2889 797 2936 non
818 2869 935 2953 possit,
965 2890 1062 2953 quum
1083 2874 1344 2960 inseparabiliter

244 3157 268 3190 ³⁹
285 3155 357 3210 Ap.
367 3156 406 3209 M.
416 3156 446 3210 P.
464 3185 496 3192 —
510 3153 619 3223 Reliqui
636 3159 663 3208 et
675 3154 753 3223 impr.
831 3155 854 3188 44
871 3156 904 3208 A.
923 3154 954 3208 F.
972 3156 1002 3211 P.
1021 3162 1048 3212 et
1065 3159 1141 3214 editt.
1153 3168 1263 3230 praeter
1272 3163 1341 3219 Fra·

286 3240 429 3296 dicandum
448 3243 488 3292 est
870 3240 916 3294 tic.
935 3254 989 3295 aaa
1008 3247 1097 3298 tamea
1115 3262 1182 3317 app.

243 3344 274 3407 ⁴¹,
286 3343 352 3396 44Α.
368 3342 402 3395 H.
414 3340 447 3394 L.
458 3338 641 3395 consentiente
656 3339 750 3394 Fioino
828 3341 852 3374 44
869 3340 899 3393 F.
920 3339 1000 3396 Patet
1017 3359 1083 3415 erqo
1102 3347 1177 3416 quad
1194 3364 1289 3418 quaer.
1308 3380 1340 3389 -

283 3457 317 3468 -
341 3426 373 3480 F.
396 3425 470 3496 quod
486 3426 512 3479 sr‘
527 3423 634 3494 aliquid
653 3455 687 3463 -
710 3424 748 3478 Μ.
867 3427 901 3480 Α.
920 3426 997 3481 addit
1019 3427 1047 3482 in
1072 3428 1126 3485 fine
1144 3431 1258 3501 eapitis:
1281 3438 1338 3488 arat

283 3512 364 3583 quast
380 3508 533 3580 aliquod-
545 3509 575 3562 P.
596 3509 662 3579 qur'a
678 3509 749 3564 sicut
866 3511 936 3565 illud
951 3512 1026 3582 quod
1042 3519 1144 3570 natura
1161 3517 1339 3574 ordinaverat

169 3648 176 3666 .
282 3597 365 3650 -V·
385 3594 486 3650 9444141·
505 3594 706 3664 944444ῖαῖ4444(
801 3609 865 3680 Cap.
875 3611 935 3666 VII.
965 3613 1021 3666 ¹H.
1033 3615 1108 3684 quod
1116 3623 1219 3673 natura
1228 3619 1337 3674 ordinat

241 3683 265 3716 ⁴²
281 3681 314 3735 H.
332 3681 370 3735 Μ.
388 3686 437 3735 aut
452 3679 517 3748 riuis
845 3711 963 3767 ⁶Editi:
981 3714 1031 3769 red
1047 3720 1074 3770 at
1089 3716 1216 3786 faeditas

300 3766 331 3821 F.
350 3767 452 3837 absque
467 3763 523 3832 fiae

240 3871 264 3904 44
281 3868 350 3923 Edd.
362 3869 440 3939 juris
455 3865 520 3934 fiais

297 3951 366 4006 Edd.
386 3953 483 4008 bouum
502 3966 640 4006 commuue

241 4054 264 4086 44
281 4054 312 4107 F.
332 4053 365 4107 de
387 4053 459 4107 malo
477 4053 579 4122 arquis.

299 4136 409 4201 Frutic,
438 4136 509 4191 siout
534 4136 597 4191 olim
623 4137 748 4193 emenda-

281 4237 379 4286 veram,
397 4228 466 4276 erret
484 4221 573 4274 eleera.

847 3814 857 3846 ⁸
873 3813 905 3867 F.
918 3815 971 3885 jur
988 3817 1140 3873 ostenditur

832 3918 853 3950 ¹⁰
870 3917 904 3970 H.
923 3919 1085 3988 qualitatum

827 4020 848 4050 ¹¹
866 4018 903 4071 M.
922 4019 1031 4076 licinus
1049 4027 1076 4077 et
1093 4023 1153 4078 edd.
1172 4029 1284 4080 recentt.
1303 4054 1333 4065 —

867 4102 1041 4173 Antiquiores
1057 4123 1117 4162 cum
1134 4110 1245 4179 reliquis
1257 4106 1329 4165 codd.

869 4185 949 4240 rebus
967 4194 994 4241 et
1011 4199 1111 4246 uatura
