2910 4876
265 309 305 372 90
558 310 693 368 DANTIS
711 312 931 369 MONAROHIA
948 315 996 368 III.
1016 315 1045 370 C.
1064 319 1088 370 2.

264 485 365 553 otiose
380 490 571 569 moveretur3
596 485 683 567 quod
696 473 866 551 dicendum
881 506 944 552 non
966 492 1024 554 est.
1062 487 1234 555 sinens
1257 489 1388 555 vellet

264 585 594 670 impedimentum
627 585 743 670 finis,
775 588 874 655 vellet
902 587 999 655 etiam
1028 586 1124 654 finem
1149 589 1385 675 impedimenti;

214 688 358 759 realiter
385 686 483 754 etiarn
510 687 611 754 otiose
640 689 748 756 vellet.
798 688 841 754 Et
869 710 966 773 quum
993 689 1066 756 finis
1093 691 1314 776 impedimenti
1335 691 1386 777 sit,

262 811 327 858 non
355 809 425 856 esse
455 788 503 855 rei
526 788 716 874 impeditam
741 797 939 875 sequeretur,
966 792 1071 858 Deum
1106 793 1190 860 velle
1220 812 1283 859 non
1313 813 1385 860 esse

263 891 358 957 finem
379 892 527 975 natiuae,
552 911 646 974 quem
668 890 783 975 dicitur
804 892 889 958 velle
911 911 990 960 esse.

350 993 391 1060 si
413 993 498 1060 enim
520 993 627 1061 Dens
649 1012 725 1060 non
757 994 887 1061 vellet
914 993 1246 1080 impedimentum
1267 996 1385 1081 finis,

262 1100 356 1183 prout
377 1115 440 1162 non
462 1094 576 1179 vellet,
608 1101 792 1178 sequeretur
813 1094 857 1160 ad
878 1112 941 1161 non
963 1097 1062 1181 velle,
1084 1097 1164 1163 nihil
1186 1097 1226 1164 de
1250 1096 1384 1183 impedi-

212 1217 244 1269 30
261 1203 367 1264 mento
391 1202 530 1281 curaret,
552 1197 621 1263 sive
643 1203 741 1282 esset,
764 1197 835 1265 sive
855 1217 919 1264 non
942 1204 1035 1264 esset.
1082 1197 1148 1264 Sed
1169 1198 1224 1281 qui
1246 1199 1383 1285 impedi·

261 1304 400 1368 mentum
422 1319 485 1364 non
508 1304 610 1383 curat,
639 1319 707 1365 rem
730 1318 812 1382 quae
834 1304 940 1385 potest
967 1299 1116 1384 impediri
1137 1321 1201 1368 non
1223 1308 1329 1386 curet,
1353 1308 1385 1369 et

260 1422 318 1487 per
339 1420 536 1483 consequens
543 1449 551 1484 ‚
580 1401 764 1468 nonhabet
792 1400 826 1466 in
847 1398 1027 1485 voluntate,
1062 1405 1095 1466 et
1117 1402 1203 1484 quod
1225 1404 1297 1486 quis
1320 1424 1384 1472 non

260 1504 357 1570 habet
378 1503 412 1567 in
433 1503 612 1586 voluntate,
634 1524 698 1569 non
719 1503 797 1568 vult.
834 1505 968 1588 Propter
988 1502 1091 1585 quod,
1114 1503 1142 1569 si
1163 1504 1234 1570 finis
1248 1511 1381 1572 naturae

260 1604 409 1692 impediri
430 1608 550 1689 potest,
574 1603 661 1686 quod
681 1609 802 1690 potest,
833 1604 873 1673 de
895 1605 1086 1673 necessitate
1108 1607 1265 1689 sequitur,
1298 1605 1384 1689 quod

211 1727 242 1776 3⁵
261 1708 349 1775 Deus
370 1706 466 1772 finem
480 1709 612 1773 naturae
634 1726 698 1773 non
720 1707 801 1790 vult;
827 1727 845 1773 e

285 1875 309 1908 ²³
326 1876 359 1927 A.
393 1874 427 1926 H.
458 1873 496 1927 M.
537 1904 571 1914 -·
610 1875 644 1928 V.
678 1875 793 1928 otiosum

326 1965 443 2013 moveret
459 1989 493 1998 —
509 1957 578 2013 Edd.
599 1964 708 2028 praeter
725 1958 793 2013 Fru-

326 2043 374 2099 tic.
392 2059 453 2098 cum
471 2043 548 2097 codd.
568 2043 791 2098 Felin.Leurent.

326 2128 414 2183 Pelet.
434 2132 460 2182 et
478 2128 544 2182 Ven.
568 2131 654 2184 otiose
676 2134 794 2183 moueret

284 2215 307 2248 ²⁴
324 2213 393 2268 Edd.
411 2213 490 2267 uellet
506 2218 533 2267 ct
547 2214 630 2283 finem

285 2301 308 2333 ²⁵
325 2300 356 2353 F.
376 2299 456 2353 aliter
472 2300 557 2352 otiose
573 2299 653 2353 uellet

284 2385 307 2419 ²⁷
325 2384 356 2439 F.
374 2383 403 2437 P.
423 2384 489 2453 quia
507 2381 650 2438 dicieor-
664 2382 698 2436 H.
718 2383 794 2454 quod

325 2469 377 2525 dic.
396 2499 430 2506 -
454 2467 523 2521 Edd.
543 2469 593 2538 qui
608 2468 661 2523 die.
681 2500 710 2508 —
735 2467 791 2522 No-

324 2554 429 2609 biscum
445 2553 550 2607 faciunt
566 2553 599 2606 A.
618 2551 650 2605 L.
660 2552 697 2606 M.
713 2552 745 2606 V.
765 2557 792 2607 et

324 2636 600 2695 Ficinus-Rectum
618 2651 678 2692 esse
695 2635 788 2691 lectio-

323 2739 393 2789 nem,
411 2738 491 2792 quam
510 2721 646 2786 dedimus,
673 2722 791 2791 probent

322 2810 405 2863 uerba
422 2807 576 2877 superiora:
596 2805 789 2874 „Manifestum

323 2899 376 2958 est,
396 2891 467 2961 quod
483 2890 558 2946 Deus
578 2891 660 2946 finem
677 2897 790 2946 naturae

322 2978 405 3040 vult“‚
423 2976 458 3031 ed
476 2991 544 3045 quae
555 2976 665 3044 respicit
682 2983 787 3032 auctor.

281 3063 305 3097 ²⁸
321 3061 359 3116 M.
378 3061 411 3116 Si
427 3062 512 3131 ipitur
529 3062 604 3116 Deus
627 3091 660 3100 —
680 3061 789 3116 Mallem

323 3145 454 3200 Sincere
472 3144 546 3199 Beus

282 3231 306 3264 ²⁹
322 3230 423 3284 Vocem
444 3230 531 3300 quod,
555 3245 635 3298 quam
661 3230 725 3284 olim
747 3231 789 3284 in·

236 3327 239 3353 ¹
322 3314 462 3371 serendum
481 3330 539 3370 esse
556 3315 650 3384 putavi
671 3316 719 3382 (ad
734 3333 789 3371 non

322 3401 402 3467 celle,
426 3402 501 3472 quod
517 3401 609 3467 cinit),
632 3399 660 3452 in
684 3404 788 3454 textum

846 1711 859 1771 t
880 1707 927 1773 sic
948 1707 1091 1788 sequitur
1105 1706 1207 1792 prius,
1231 1707 1383 1775 videlicet

913 1873 1014 1943 recepit
1041 1873 1157 1929 Erotio:
1186 1891 1268 1943 quum
1292 1881 1382 1931 tumen

913 1960 946 2013 ab
957 1958 1090 2024 omnibus,
1108 1964 1240 2027 quotquot
1253 1960 1317 2026 vidi,
1336 1977 1381 2017 co·

912 2041 1015 2097 dicibus
1033 2043 1118 2110 absit,
1137 2044 1277 2113 antiquum
1291 2045 1381 2101 lectio·

913 2143 974 2182 nem
991 2127 1106 2182 restitui.

870 2213 892 2247 ³¹
910 2213 943 2267 V.
962 2229 1019 2266 rem
1037 2229 1108 2282 quac
1123 2214 1237 2284 prodest

870 2298 894 2330 ³²
910 2297 942 2350 F.
956 2313 1011 2368 per
1027 2314 1153 2368 conseqq.
1179 2297 1260 2354 habet
1281 2301 1310 2355 in
1327 2301 1377 2356 ool.

870 2383 893 2416 ³³
910 2382 941 2435 F.
959 2382 989 2435 P.
1009 2381 1126 2453 Propter
1149 2383 1225 2452 quod
1238 2385 1306 2453 finis
1323 2393 1377 2442 nat.

870 2467 892 2501 ³⁴
910 2467 948 2522 M.
968 2467 1096 2538 impediri
1110 2483 1165 2522 non
1178 2475 1274 2538 potest

928 2554 961 2608 V.
971 2553 1046 2622 quod
1046 2553 1288 2625 patet-Ficinus
1298 2557 1380 2612 verbu

911 2637 986 2709 quod
1022 2642 1112 2709 potest
1154 2653 1210 2692 non
1251 2638 1379 2697 habuisse

910 2722 1017 2777 videtur

868 2807 891 2841 ³⁵
909 2806 940 2863 P.
951 2837 984 2848 -
994 2807 1028 2860 H.
1038 2808 1112 2861 etsie
1123 2808 1206 2878 prius
1217 2809 1378 2864 videt—M.

908 2897 935 2946 ct
947 2894 986 2947 sic
999 2893 1081 2964 prius
1097 2891 1203 2946 videtur
1216 2923 1248 2932 -
1258 2895 1293 2947 A.
1305 2896 1378 2950 etsie

908 2979 1032 3047 sequitur
1048 2978 1179 3048 primum,
1204 2978 1328 3034 videlieet
1345 3008 1377 3017 -

908 3060 939 3114 V.
965 3066 991 3115 et
1015 3063 1042 3116 si
1065 3078 1140 3133 sequ.
1169 3064 1265 3133 prius,
1297 3064 1375 3118 videl.

909 3146 939 3198 F.
950 3146 1022 3201 etsie
1033 3148 1156 3216 sequitur
1167 3148 1258 3218 print,
1276 3149 1378 3204 scilieet

908 3231 1019 3287 -Edd
1029 3239 1056 3286 ct
1071 3233 1110 3287 sio
1127 3247 1200 3302 sequ.
1212 3232 1288 3303 quod
1296 3235 1376 3305 prius

909 3315 986 3371 videl.

323 3554 396 3623 Cep.
414 3555 457 3609 11.
493 3555 516 3589 ²³
532 3553 751 3634 Intelligonquesi
768 3552 868 3607 dictum
885 3559 968 3608 esset:
988 3553 1035 3621 „Si
1052 3555 1129 3635 Deus
1144 3525 1289 3622 sedetet,
1307 3571 1374 3625 quse

255 3622 403 3691 impedIunt
420 3623 501 3677 finem
518 3628 638 3686 naturae,
655 3638 673 3675 1.
685 3636 709 3675 e.
728 3637 849 3690 scopum,
868 3637 900 3743 eg.
916 3622 952 3744 ud
963 3622 1374 3747 iilldaimtedriiidrdldtdum'i'edlddldt

254 3691 318 3814 dddd
335 3697 493 3824 {ddedtildld
501 3690 676 3827 idripddivtdpi?
691 3689 935 3823 eadfidrddendddrdd}
952 3774 1007 3812 non
1025 3706 1081 3822 sit,p
1086 3775 1141 3812 non
1158 3733 1324 3829 perducetur
1340 3761 1374 3815 ad

255 3827 393 3893 effectum,
419 3827 491 3897 quod
509 3829 633 3896 superius
658 3826 736 3882 dictis
756 3826 979 3881 contradiceret.“

1067 3827 1091 3859 ²⁸
1106 3826 1246 3882 Hactenus
1265 3829 1372 3884 demon·

254 3895 349 3950 strauit
366 3903 469 3961 auctor,
488 3895 541 3949 dici
558 3912 613 3950 non
623 3911 710 3965 posse,
728 3895 816 3949 Deum
832 3894 1050 3963 impedimentum
1063 3894 1123 3950 finis
1139 3898 1254 3950 naturae
1272 3897 1371 3952 directo

253 3964 351 4018 velle.
393 3963 454 4018 Jam
476 3963 599 4033 procedit
618 3964 657 4017 'ad
683 3964 795 4018 alteram
819 3963 1017 4032 quaestionem,
1043 3978 1078 4016 cn
1096 3963 1149 4017 dici
1166 3969 1261 4031 queat,
1286 3966 1372 4020 Deum

253 4047 321 4086 non
339 4047 465 4086 curare
483 4032 516 4086 de
533 4032 587 4085 fine
605 4039 732 4098 naturae,
751 4030 825 4086 cordi
843 4031 869 4085 ei
884 4047 939 4085 non
958 4046 1016 4084 esse
1033 4035 1123 4085 utrum
1140 4031 1305 4101 impediatur
1321 4049 1369 4088 nec

253 4114 301 4165 ne,
319 4114 380 4153 eum
397 4099 479 4168 igitur
496 4116 582 4168 neque
600 4101 666 4155 velle
682 4100 763 4154 finem
781 4103 894 4153 naturae
911 4098 1048 4167 impediri,
1075 4115 1162 4168 neque
1185 4101 1253 4155 velle
1271 4106 1371 4156 utnon

253 4167 421 4234 impedietur.
440 4199 472 4208 -
490 4169 594 4235 „Pront
611 4185 666 4222 non
684 4169 780 4222 vellet“
798 4183 847 4236 pro
868 4167 1063 4236 „inquantum
1082 4183 1138 4222 non
1155 4168 1253 4223 vellet“
1271 4169 1370 4224 dictum

252 4249 311 4290 esse
329 4239 402 4304 putu.
