2902 4874
382 303 516 359 DANTIS
534 303 753 360 MONAROHIA
769 304 790 358 I.
809 304 839 359 (l.
860 308 899 358 ll.
916 307 978 371 (13).
1202 301 1240 362 17

114 473 217 558 Virgo
250 494 388 557 namque
421 476 596 543 vocabatur
628 474 771 558 Iustitia,
810 494 906 557 quam
942 475 1040 542 etiam
1072 476 1242 544 Astraeum

110 578 288 646 vocabant.
334 577 484 645 Saturnia
510 597 608 661 regna
637 577 786 644 dicebant
813 576 934 660 optima
965 581 1125 663 tempora,
1159 597 1242 660 quae

103 677 216 745 etiam
245 697 343 746 aurea
364 679 596 764 nuncupabant.
641 677 766 745 Iustitia
792 677 960 763 potissima
981 683 1031 747 est
1054 679 1158 747 solum
1180 681 1240 747 sub

104 777 306 864 Monarcha3
333 799 409 863 ergo
430 781 473 847 ad
494 780 648 864 optimam
669 779 780 845 mundi
799 779 1040 865 dispositionem
1061 781 1240 866 requiritur,

102 899 188 947 esse
210 882 439 965 Monarchiam,
462 882 531 948 sire
552 881 732 965 Imperium.
1260 891 1289 941 1⁰

202 981 257 1048 Ad
279 983 474 1050 evidentiam
489 983 739 1068 subadsumptae
760 981 931 1066 sciendum,
955 981 1041 1066 quod
1054 982 1177 1049 iustitia
1197 985 1239 1052 de

100 1102 145 1150 se
179 1088 214 1149 et
235 1083 269 1148 in
295 1085 426 1170 propria
452 1089 566 1151 natura
591 1083 806 1167 considerata,
832 1089 882 1152 est
903 1083 1061 1167 quaedam
1082 1085 1239 1153 rectitudo

101 1185 185 1250 sive
207 1186 334 1269 regula,
358 1185 523 1268 obliquum
544 1185 713 1253 hincinde
735 1185 905 1270 abiiciens;
929 1192 961 1254 et
982 1186 1029 1254 sic
1049 1207 1113 1253 non
1127 1187 1239 1271 recipit

103 1287 221 1369 magis
250 1293 282 1354 et
315 1287 435 1371 minus,
472 1286 740 1370 quemadmodum
767 1286 885 1354 albedo
919 1287 954 1352 iu
987 1307 1045 1354 suo
1077 1289 1238 1357 abstracto

102 1388 328 1457 considerata.
374 1389 454 1457 Sunt
477 1388 560 1456 enim
574 1387 757 1455 huiusmodi
771 1388 892 1457 formae
910 1388 1068 1473 quaedam
1080 1391 1236 1475 composi·
1260 1399 1288 1450 15

102 1490 195 1558 tioni
206 1491 433 1574 contingentes,
446 1495 479 1557 et
489 1489 696 1558 consistentes
706 1489 843 1575 simplici
854 1495 886 1556 et
896 1490 1078 1557 invariabili
1089 1492 1238 1575 essentia,

70 1643 74 1648 .
105 1599 146 1658 ut
171 1592 326 1674 Magister
348 1613 406 1661 sex
420 1591 647 1678 principiorum
659 1595 746 1659 recte
760 1590 820 1675 ait,
844 1592 1001 1677 recipiunt
1014 1596 1122 1661 tamen
1136 1594 1239 1677 magis

104 1701 144 1762 et
168 1687 275 1761 min'us
296 1694 478 1762 huiusmodi
507 1693 677 1776 qualitates
700 1713 741 1760 ex
762 1697 853 1778 parte
874 1694 1097 1778 subiectorum,
1123 1695 1238 1778 quibus

104 1801 354 1879 concemuutur,
377 1794 550 1864 secundum
573 1794 659 1876 quod
681 1794 783 1876 magis
806 1800 838 1860 et
859 1795 963 1862 minus
978 1796 1010 1861 in
1032 1796 1182 1864 subiectis
1198 1796 1238 1864 de

105 1898 282 1967 contrariis
293 1896 493 1966 admiscetur.
526 1896 591 1963 Ubi
602 1915 677 1979 ergo
692 1895 857 1963 minimum
872 1896 912 1964 de
927 1898 1083 1965 contrario
1097 1897 1239 1967 iustitiae
1257 1907 1289 1958 20

104 1999 318 2083 admiscetur,
334 2005 366 2066 et
378 2003 532 2081 quantum
542 1997 586 2064 ad
595 1997 739 2063 habitum
752 2004 784 2065 et
795 2001 946 2080 quantum
958 1998 1001 2064 ad
1011 2000 1239 2085 operationem,

105 2102 161 2168 ibi
182 2101 305 2167 iustitia
332 2100 501 2183 potissima
527 2105 584 2168 est.
628 2099 669 2164 Et
697 2120 772 2168 vere
794 2105 868 2166 tunc
895 2105 1000 2185 potest
1022 2100 1086 2167 dici
1108 2100 1149 2168 de
1170 2102 1238 2186 illa,

106 2208 150 2269 ut
172 2203 388 2286 Philosophus
415 2201 533 2286 inquit,
556 2221 678 2286 „neque
700 2201 878 2287 Hesperus,
907 2221 1010 2284 noque
1038 2203 1163 2277 Lucifer
1192 2203 1238 2270 sic

108 2303 316 2370 admirabilis
344 2304 421 2370 est‘.
465 2303 525 2369 Est
551 2303 636 2368 enim
666 2307 740 2370 tunc
768 2304 919 2370 Phoebas
950 2303 1077 2387 similis,
1107 2304 1237 2372 fratrem

110 2405 346 2475 diametralitcr
366 2405 501 2472 intuenti
524 2404 564 2472 de
586 2424 743 2490 purpureo
766 2404 940 2472 matutinae
962 2405 1149 2472 serenitatis.
1254 2417 1287 2469 25

151 2575 162 2608 ⁶
178 2576 211 2629 A.
230 2575 263 2628 F.
282 2574 314 2628 L.
332 2573 370 2628 M.
387 2573 506 2627 V.-H.
522 2571 552 2626 P.
568 2588 650 2642 quam
728 2573 749 2605 ¹³
766 2573 798 2625 F.
818 2569 1092 2641 obliquumbincnou
1108 2571 1237 2628 abiiciens

183 2666 211 2714 et
226 2663 368 2714 Astraeum
725 2658 747 2701 1⁴
764 2656 833 2711 Edd.
850 2657 1053 2727 accipitrarius

152 2743 246 2799 τΕιίιί.
265 2760 353 2813 repnc
371 2741 530 2797 dicebantur
548 2743 650 2812 optimc
784 2742 819 2795 H.
847 2741 878 2794 L.
910 2741 948 2795 M.
974 2741 1007 2795 V.
1034 2741 1184 2813 quemadm.
1209 2748 1236 2797 ct
1330 2795 1334 2800 .

152 2830 163 2863 ⁸
178 2830 212 2883 A.
230 2829 261 2882 F.
280 2829 315 2882 H.
333 2828 364 2881 L.
383 2826 421 2882 M.
437 2827 514 2881 V.—
531 2825 560 2879 P.
580 2842 650 2895 quac
768 2826 1234 2897 albedo—F.ctqucruodrn.albcdo

183 2921 209 2969 et
226 2929 312 2968 uuerco
727 2913 748 2946 ¹⁷
765 2912 796 2965 F.
814 2913 950 2984 recipiunt
967 2917 1056 2966 autem

199 2999 237 3053 M.
255 2996 485 3068 nuncupabantur
726 2998 748 3031 ¹⁸
764 2996 1150 3068 Eddarapisetminusiiuius
1160 2999 1232 3070 quat.

199 3086 231 3138 A.
252 3084 282 3138 F.
300 3084 334 3137 L.
352 3083 389 3136 M.
398 3081 431 3135 V.
442 3111 471 3120 -
486 3081 521 3134 Η.
539 3080 568 3134 P.
590 3095 651 3134 cum
785 3081 823 3135 M.
843 3088 870 3136 et
887 3080 946 3136 cdd.
965 3083 1106 3153 qualitatis

182 3169 306 3224 versione
324 3167 411 3222 Fioini
429 3166 539 3222 Iustitia
551 3170 651 3236 poten·
785 3168 823 3222 M.
843 3184 880 3223 ex
898 3169 996 3238 quibus
1013 3171 1184 3224 contineatur

184 3255 287 3308 tissima
304 3259 345 3307 est
376 3261 379 3271 '
724 3255 748 3299 2²
764 3253 796 3314 F.
810 3259 903 3326 potest
919 3253 975 3309 dici
990 3253 1024 3309 dc
1040 3272 1074 3309 ca

151 3338 162 3372 ⁰
177 3339 212 3393 Η.
229 3335 450 3394 suchnarcbia
467 3338 522 3391 stuc
536 3335 650 3406 imperio
725 3340 749 3372 ²⁵
765 3339 798 3392 L.
816 3339 934 3393 intuenti
949 3339 982 3394 dc
993 3339 1234 3412 purpureis-M.

199 3425 232 3479 V.
251 3439 317 3494 erpo
335 3421 373 3476 ad
388 3426 509 3493 optatum
769 3424 815 3477 iat.
835 3424 868 3477 dc
881 3439 1025 3494 purpurea

143 3509 163 3540 ¹⁰
180 3508 212 3564 F.
229 3507 381 3578 requiritur
398 3505 559 3561 Monarobia
786 3508 818 3560 A.
838 3509 969 3562 matutino
987 3523 1073 3562 seran

142 3592 248 3648 ¹¹‘Edd.
278 3595 342 3662 post
371 3589 580 3657 subadsumptac
608 3589 651 3643 in·

182 3681 275 3732 serunt
288 3676 487 3749 propositionis

116 3812 275 3894 Munarchia
291 3797 421 3894 bugasti,
440 3809 488 3865 sed
505 3809 538 3863 de
552 3807 659 3866 Christo
677 3811 815 3866 nascituro
832 3811 860 3864 h.
877 3811 894 3864 1.
912 3809 1087 3864 vaticinatum
1104 3811 1234 3868 esseVir·

115 3880 457 4004 pffiffiffi
469 3877 853 4002 ”ittilt.n.'bf³t⁸³ttd
865 3881 932 4000 itt
948 3878 1232 4017 Mittitur..

115 4032 200 4088 neque
217 4016 329 4077 Lucifer
345 4017 384 4071 ita
400 4013 592 4070 admirabilis.“
660 4014 702 4068 Oi.
720 4015 844 4069 Auuoau
861 4012 983 4068 Paradis.
1000 3962 1099 4068 iiiiii.
1121 4020 1147 4069 l:
1220 4049 1221 4052 ι

366 4098 480 4166 Quando
500 4099 577 4154 ambo
595 4115 610 4153 c
626 4098 680 4153 duc
697 4100 708 4153 i
721 4099 785 4172 fipli
796 4098 827 4154 di
841 4097 957 4164 Latona,

404 4166 513 4237 Caperti
529 4165 575 4238 dci
589 4165 720 4222 Montana
736 4185 752 4222 c
769 4167 840 4223 della
856 4165 950 4231 Libra,

401 4235 497 4290 Fauno
516 4233 576 4290 retr
593 4235 734 4291 criscoutc
750 4237 859 4291 insieme
876 4251 954 4290 zona.

1064 4325 1079 4375 2
