2902 4874
245 312 285 374 30
439 313 573 370 DANTIS
591 314 810 371 MONARCHIA
827 317 849 373 Ι.
867 317 897 374 d.
920 322 957 372 14.
976 323 1039 384 (lo),
1058 324 1099 373 15.
1118 323 1180 386 (17.)

244 487 330 570 quod
351 488 464 555 melius
488 491 545 553 cst.
589 487 631 551 Et
653 508 765 572 quum,
796 489 929 556 duorum
950 495 1073 556 tantum
1095 492 1178 557 inter
1199 512 1248 577 se,
1280 493 1368 561 idem

242 591 285 656 sit
306 591 419 655 melius
442 594 474 655 et
497 590 665 674 optimum,
689 611 886 673 consequens
909 599 967 676 est,
989 613 1053 660 non
1075 594 1178 661 solum
1198 595 1271 662 Deo
1294 616 1367 664 esse

191 709 222 758 55
241 691 469 775 acceptabilius
499 691 573 776 hoc,
601 692 683 758 inter
711 692 786 759 hoc:
820 713 935 759 unum
957 700 989 761 et
1017 696 1111 762 haec:
1139 696 1273 781 plura,
1307 697 1368 764 sed

241 793 574 879 acceptabilissimum.
619 792 712 861 Unde
734 796 891 879 sequitur,
919 796 1091 862 humanum
1119 817 1220 881 genus
1243 800 1365 884 optime

240 916 275 964 se
297 897 425 980 habere,
449 915 545 977 quum
566 896 608 960 ab
631 915 693 962 uno
715 897 843 978 regitur.
880 896 922 961 Et
944 898 989 962 sic
1004 898 1047 963 ad
1064 899 1142 966 bene
1158 919 1228 966 esse
1243 901 1364 986 mundi,

240 1018 370 1065 necesse
392 1005 441 1065 est
462 997 679 1064 Monarchiam
702 1017 780 1064 esse.

624 1206 745 1279 [carun
766 1222 825 1268 xv.
849 1200 974 1288 (ΜΗ

322 1340 402 1405 Item
425 1337 505 1420 dioc,
530 1335 615 1418 quod
637 1356 718 1421 ens²
746 1344 778 1403 et
799 1357 929 1422 unum,
959 1338 1171 1423 othonum,
1201 1340 1362 1422 gradatim

237 1461 271 1506 sc
293 1440 413 1507 habent
435 1439 608 1506 secundum
630 1429 775 1522 quintum¹
795 1439 924 1506 modum
947 1439 1075 1507 dicendi
1101 1441 1237 1526 „ptiust
1283 1442 1362 1509 Ens

237 1541 322 1607 enim
343 1546 456 1606 natura
478 1540 640 1625 praecedit
662 1560 792 1623 unum,
818 1560 915 1607 unum
937 1565 1012 1610 vero
1035 1542 1191 1627 bonum3
1221 1545 1361 1612 maxime

236 1644 320 1709 enim
349 1663 405 1709 ens
433 1642 571 1709 maxime
600 1649 781 1726 estonum,
804 1649 836 1708 et
858 1641 997 1708 maxime
1019 1661 1115 1708 unum
1144 1650 1193 1711 est
1221 1645 1361 1715 maxime

201 1744 361 1811 5bonum.
405 1743 447 1808 Et
469 1749 587 1826 quanto
616 1744 739 1826 aliquid
760 1765 780 1807 a
801 1744 941 1810 maximo
964 1750 1035 1811 ente
1057 1745 1238 1830 elongatur,
1271 1753 1359 1815 tanto

235 1851 268 1910 et
289 1845 419 1911 abesse
440 1865 546 1928 unum,
570 1850 602 1912 et
615 1866 674 1930 per
689 1865 885 1928 consequens
908 1846 949 1911 ab
973 1865 1042 1913 esse
1060 1846 1184 1914 bonum.
1223 1851 1359 1933 Propter

235 1946 321 2030 quod
352 1947 398 2021 in
414 1947 498 2014 omni
528 1965 644 2028 genere
672 1967 777 2013 rerum
805 1946 886 2012 illud
915 1953 964 2014 est
992 1948 1160 2033 optimum,
1195 1950 1282 2032 quod
1311 1956 1360 2018 est

233 2050 372 2116 maxime
386 2068 492 2132 unum,
515 2055 549 2114 ut
563 2049 759 2134 Philosopho
774 2050 881 2134 placet
895 2049 928 2113 in
942 2049 992 2132 iis,
1016 2068 1097 2132 quae
1114 2050 1154 2117 de
1169 2053 1358 2136 simpliciter

234 2151 324 2217 Ente.
368 2150 462 2217 Unde
484 2150 535 2235 fit,
565 2150 651 2232 quod
678 2171 774 2215 unum
803 2171 873 2218 esse
901 2150 1028 2217 ridetur
1056 2171 1125 2219 csse
1152 2154 1247 2219 radix
1276 2156 1354 2240 eius,

185 2273 216 2324 to
235 2254 320 2336 quod
349 2260 397 2320 est
426 2273 496 2320 esse
526 2255 657 2339 bonum3
688 2259 721 2319 et
748 2254 849 2319 multa
878 2272 963 2337 esse,
994 2253 1061 2319 eius
1092 2255 1179 2336 quod
1206 2263 1255 2322 est
1285 2278 1355 2324 esse

233 2357 360 2422 malum.
406 2358 511 2436 Quare
536 2356 737 2442 Pythagoras
759 2355 792 2420 in
815 2355 1074 2422 consolationibus
1096 2358 1177 2441 suis,
1201 2365 1355 2444 exparte

256 2527 277 2557 ⁵⁴
294 2523 332 2577 M.
351 2529 377 2578 et
393 2526 532 2594 optimam,
550 2525 711 2580 conveniens
727 2531 768 2577 est
862 2524 873 2556 ³
890 2523 922 2576 F.
941 2523 976 2575 Η.
999 2523 1031 2576 L.
1057 2524 1093 2578 M.
1117 2525 1148 2578 P.
1172 2524 1205 2578 V.
1224 2556 1258 2564 —-
1276 2527 1310 2578 A.
1329 2534 1356 2581 et

239 2610 278 2650 1⁵⁵
295 2609 326 2662 P.
345 2638 379 2648 -
395 2609 427 2661 L.
445 2607 591 2664 haecinter
603 2607 671 2662 laec
683 2624 766 2661 unam
885 2607 944 2663 edd.
956 2609 1089 2679 producit
1103 2625 1186 2662 ursam
1200 2640 1233 2648 —
1251 2610 1355 2665 Eadem

297 2699 323 2746 et
345 2691 397 2747 hcc
416 2692 501 2764 plara
519 2725 552 2733 —
569 2695 603 2747 A.
627 2693 661 2746 H.
683 2692 722 2747 Μ.
740 2699 767 2747 et
885 2692 1008 2747 lectionis
1018 2694 1132 2748 varietas
1142 2694 1353 2751 etincodicibus

296 2777 354 2831 edd.
363 2778 464 2846 antiqu.
478 2777 530 2833 doc
543 2776 765 2833 interlocutorum
884 2777 1015 2832 versionis
1032 2779 1120 2832 Ficini

297 2869 323 2918 et
341 2867 391 2918 hoc
406 2862 494 2934 plora
511 2893 545 2902 -
562 2863 594 2917 F.
620 2862 671 2918 hoc
695 2865 766 2918 inter
860 2862 871 2893 ¹
888 2863 922 2915 A.
947 2892 980 2902 -
1001 2862 1047 2917 alii
1070 2880 1145 2918 max.
1169 2879 1253 2917 anum
1276 2881 1351 2921 max.

296 2947 348 3004 doc
371 2964 453 3001 aarum
472 2953 499 3001 et
515 2946 567 3002 hoc
589 2949 659 3003 irater
677 2949 764 3020 plura
886 2947 983 3003 bonam

295 3048 381 3101 neque
393 3031 471 3086 aliter
483 3032 561 3086 Turr.
573 3037 600 3086 et
610 3034 693 3100 Frat,
711 3032 764 3087 nisi
859 3034 870 3065 ⁵
886 3034 920 3085 A.
937 3034 1027 3103 magis
1042 3038 1103 3086 ente
1119 3063 1152 3072 -
1169 3034 1214 3086 An
1231 3034 1351 3088 maxime

295 3116 366 3185 quod
374 3117 496 3170 ultimum
505 3115 557 3171 loc
567 3119 762 3172 ommittunt-
882 3118 963 3171 erate?

294 3202 325 3252 V.
342 3198 393 3255 loo
411 3202 514 3256 intua
525 3200 757 3274 docetdicplara
841 3203 861 3234 ¹¹
879 3201 909 3254 F.
927 3201 970 3256 Ita
993 3201 1056 3256 olim
1074 3217 1135 3255 cum
1157 3201 1253 3256 Ficino
1271 3219 1350 3272 repo-

253 3286 275 3318 ⁵¹
292 3284 377 3339 Editt.
394 3290 506 3340 recentt.
524 3285 557 3340 ab
575 3302 629 3339 uno
647 3294 761 3356 regator
879 3287 995 3352 suimus,
1022 3302 1109 3356 neque
1138 3287 1216 3341 aliter
1238 3288 1350 3356 antiqua

225 3370 289 3439 Cap.
308 3369 367 3423 XV.
405 3373 413 3404 ¹
431 3370 462 3424 F.
481 3371 557 3440 qaod
572 3386 620 3424 eus
633 3387 714 3424 naara
734 3377 760 3424 et
877 3386 973 3425 manus
1000 3372 1117 3426 correxit
1141 3372 1170 3425 in
1199 3372 1257 3436 cod.
1281 3372 1347 3428 Ven.

293 3455 390 3510 bortum
408 3485 442 3496 -
459 3456 489 3509 P.
508 3472 556 3510 ens
578 3463 604 3510 et
627 3472 673 3510 un.
698 3457 758 3511 boc.
878 3486 912 3495 -
928 3457 962 3509 A.
982 3458 1064 3522 Quem
1082 3454 1303 3528 Pytdaqmas-
1314 3458 1347 3511 H.

293 3570 324 3582 —
342 3542 375 3594 A.
394 3543 574 3612 quodenset
591 3558 637 3594 aru.
656 3541 716 3596 don.
878 3540 909 3594 L.
936 3540 974 3594 M.
1000 3542 1029 3595 P.
1062 3548 1089 3597 et
1123 3541 1197 3597 editt.
1228 3544 1347 3610 (praeter

266 3627 278 3659 2
294 3628 327 3680 A.
346 3657 379 3674 ν-
396 3625 426 3679 F.
445 3625 479 3680 Η.
498 3626 528 3679 L.
542 3625 580 3678 M.
590 3624 623 3678 V.
636 3626 758 3697 primum
878 3625 999 3679 ultimam
1016 3626 1128 3691 Fratic.)
1144 3624 1216 3691 Oasis
1233 3626 1315 3698 Pyra.

292 3711 399 3765 modam
416 3742 451 3750 —
467 3710 496 3764 P.
516 3710 623 3765 modam
635 3712 757 3782 primum

281 3848 331 3916 ,Gt
354 3883 363 3902 .
381 3846 447 3901 XV.
482 3847 704 3901 ²Anrsn'onnnas
722 3847 879 3914 categoriae
894 3851 918 3902 2.
938 3847 1073 3901 Translat.
1088 3846 1223 3900 Boanum:
1246 3847 1342 3913 „Prius

222 3921 311 3972 autem
320 3863 433 3970 adterum
446 3914 637 3971 alterodicitur
647 3914 858 3984 quadrupliciter
875 3953 986 3968 .....
1004 3913 1119 3969 Videtur
1124 3918 1222 3981 autem,
1233 3921 1342 3983 praeter
1359 3920 1364 3925 '

222 3985 332 4052 eosqui
347 3983 412 4038 dicti
436 3990 513 4050 sunt,
537 3984 606 4038 alter
623 3999 683 4039 esse
704 3983 803 4052 prioris
826 3982 929 4037 modus.
964 3983 1067 4037 Eorum
1088 3982 1160 4037 enim
1184 3999 1254 4050 quae
1278 4000 1341 4039 con-

219 4058 360 4107 vertuntur
377 4052 524 4107 secundum
539 4050 673 4106 essentiae
692 4050 919 4120 consequentiam,
942 4050 971 4109 id
994 4051 1065 4119 quod
1088 4049 1199 4105 alterius
1223 4053 1340 4120 quolibet

218 4121 297 4174 modo
320 4135 402 4174 causa
425 4123 478 4186 est,
495 4119 580 4188 digne
599 4120 680 4187 prius
703 4126 801 4174 natura
826 4117 925 4172 dicitur
943 4160 949 4171 .
969 4159 975 4171 .
995 4157 1025 4172 ..
1052 4118 1169 4187 Ideoque
1193 4121 1340 4175 secundum

219 4189 336 4257 quinque
360 4186 453 4242 modos
478 4188 552 4256 prius
577 4187 690 4241 alterum
713 4188 798 4242 altero
818 4186 943 4241 dicitur.¹‘
1014 4187 1235 4243 ⁹An1snonnnns
1253 4189 1339 4243 Meta·

218 4256 296 4326 phys.
315 4271 374 4324 cap.
397 4259 416 4308 1.
