2910 4876
316 331 451 387 DANTIS
470 329 696 386 MONARCHIA
714 332 761 386 Ill.
779 331 807 386 C.
829 335 868 385 12.
890 336 952 397 (ll.)
1133 328 1192 388 127

71 505 110 570 ln
132 509 285 587 quantum
301 525 377 571 vero
399 508 472 570 sunt
494 504 630 570 relativa
646 504 812 586 quaedam,
835 510 870 569 ut
892 510 989 588 patet,
1013 502 1194 571 reducenda
1211 521 1243 571 45

75 612 145 673 sunt
167 607 218 674 vel
241 605 284 670 ad
306 605 459 688 invicem,
483 605 509 670 si
532 606 667 672 alterum
691 606 927 670 subaltematur
948 605 1056 689 alteri,
1086 606 1139 670 vel
1161 605 1195 669 in

74 709 180 795 specie
203 708 435 774 communicant
456 727 514 790 per
535 713 681 771 naturam
702 708 883 792 relationis,
914 709 967 772 vel
995 706 1039 771 ad
1061 706 1195 788 aliquod

73 811 201 877 tertium
224 810 265 875 ad
289 808 374 890 quod
397 808 596 891 reducantur,
620 814 784 890 tamquam
807 808 850 873 ad
872 829 1070 875 communem
1091 808 1192 873 unita-

73 918 145 980 tem.
187 911 254 978 Sed
274 932 337 977 non
358 915 466 996 potest
488 908 561 993 dici,
585 909 670 992 quod
686 912 821 977 alterum
836 911 1070 976 subalternetur
1084 911 1191 995 alteri,

75 1015 149 1097 quia
177 1014 224 1079 sic
251 1014 386 1079 alterum
417 1011 458 1078 de
480 1013 582 1077 altero
604 1012 856 1097 praedicaretur:
889 1012 974 1095 quod
998 1018 1046 1079 est
1066 992 1243 1079 falsum‘iu
1309 1048 1315 1066 x

74 1117 146 1183 Non
175 1115 258 1182 enirn
289 1113 439 1180 dicimus:
475 1114 652 1198 Imperator
681 1119 730 1180 est
758 1116 863 1200 Papa,
896 1135 955 1181 nec
983 1135 1001 1180 c
1031 1132 1192 1181 converso.

73 1216 142 1282 Nec
164 1220 270 1300 potest
291 1215 364 1299 dici,
389 1214 475 1298 quod
494 1215 724 1281 communicent
746 1217 778 1280 in
801 1217 921 1300 specie,
947 1236 1042 1297 quum
1064 1215 1130 1280 alia
1153 1216 1195 1279 sit

74 1318 154 1385 ratio
176 1319 302 1401 Papae,
326 1317 392 1383 alia
413 1317 633 1402 Imperatoris,
660 1316 692 1380 in
716 1324 866 1398 quantum
889 1316 1088 1402 hujusmodi:
1118 1335 1193 1398 ergo

74 1419 266 1486 reducuntur
287 1418 330 1484 ad
352 1417 492 1501 aliquid,
514 1419 547 1482 in
571 1438 632 1500 quo
655 1419 775 1484 habent
797 1420 887 1486 uniri.
964 1494 965 1499 ἵ

41 1604 43 1607 .
159 1523 294 1606 Propter
316 1519 401 1601 quod
424 1519 603 1603 sciendum,
628 1520 713 1601 quod
735 1523 816 1589 sieut
839 1541 873 1587 se
896 1522 994 1588 habet
1015 1521 1128 1586 relatio
1151 1519 1194 1584 ad
1211 1529 1242 1579 55

74 1623 271 1706 relationem,
295 1622 341 1687 sie
363 1621 532 1688 relativum
554 1620 597 1685 ad
619 1623 797 1690 relativum.
842 1622 877 1688 Si
901 1642 976 1706 crgo
998 1625 1140 1706 Papatus
1163 1628 1194 1688 et

74 1725 281 1809 Imperiatus‚
317 1744 413 1806 quum
448 1724 511 1789 sint
543 1723 714 1790 relationes
744 1725 1022 1810 superpositionis,
1054 1723 1195 1789 habeant

78 1825 186 1891 reduci
209 1824 251 1889 ad
272 1830 452 1910 respectum
467 1825 738 1911 superpositionis,
762 1847 859 1909 aquo
881 1832 1028 1912 respectu
1043 1844 1114 1889 eum
1131 1824 1196 1889 suis

99 1978 122 2009 ⁴⁵
139 1976 170 2028 P.
188 1983 251 2029 sarit
267 1975 356 2029 relata
375 1976 507 2045 precedam
526 1978 606 2030 -In

140 2060 179 2114 M.
199 2060 274 2113 deest
292 2060 426 2130 quaedam

158 2152 189 2198 at
200 2151 280 2217 patet
296 2145 371 2199 deest
388 2145 416 2198 in
435 2144 467 2199 F.
478 2178 498 2186 -
517 2146 548 2200 P.
567 2154 608 2201 at-

136 2237 213 2302 pate,
231 2230 274 2284 uel
290 2239 321 2283 ut
333 2237 413 2301 patet

99 2316 122 2348 ⁴⁰
140 2315 251 2369 Ficinus
281 2320 308 2368 et
339 2318 471 2382 quotquot
504 2322 610 2371 exstant

142 2400 215 2454 editt.
235 2399 332 2467 supino
347 2414 437 2455 errore
455 2400 609 2455 reducenda

142 2493 205 2538 sarit
223 2484 266 2537 nel
282 2484 319 2538 ad
330 2484 608 2554 judicem-iustam

142 2570 283 2623 lectionem
325 2568 452 2624 exhibent
496 2570 609 2637 codices

141 2655 259 2709 intense
279 2652 485 2708 eonsentientes.

100 2741 124 2774 55
141 2738 173 2792 F.
192 2738 360 2792 reducantur
381 2739 419 2792 ad
443 2754 609 2793 communem

99 2825 124 2857 ⁴⁹
140 2826 173 2877 A.
184 2823 214 2876 P.
225 2823 258 2876 V.
277 2822 326 2876 sed
342 2839 395 2877 uon
410 2829 504 2894 potest
520 2824 610 2878 dicere

159 2907 610 2977 F.quodalterumsubalternatur

101 2996 123 3027 ⁵¹
142 2995 175 3062 A.
194 2993 227 3046 F.
245 2992 280 3045 H.
299 2992 331 3044 L.
350 2991 388 3044 M.
406 2992 437 3045 P.
457 3023 487 3030 -
502 2991 536 3045 V.
555 3009 610 3046 uon

142 3079 212 3132 enim
240 3077 359 3132 decimus
387 3075 543 3148 Imperator
576 3108 610 3117 -

142 3163 227 3216 Editt.
254 3165 321 3215 antt.
351 3161 464 3216 ridicule
490 3170 610 3216 errantes

143 3264 196 3301 non
230 3247 301 3299 euim
327 3246 428 3301 Decius
453 3250 521 3319 Imp.
570 3247 610 3302 Cf.

144 3331 231 3385 Gaea
267 3331 406 3385 Rossrrrr
437 3329 516 3385 Sulla
543 3333 610 3403 spir.

143 3418 265 3486 antipap.
292 3432 318 3484 p.
344 3421 402 3469 276.
422 3420 462 3468 77.
490 3421 516 3469 et
542 3432 611 3485 quae

143 3501 258 3554 diximus
281 3500 309 3553 in
334 3500 419 3565 libro,
444 3500 488 3554 eui
514 3501 610 3555 titulus

143 3583 442 3656 Dante-Forsclrunpen
462 3602 487 3654 p.
509 3590 564 3639 115.

742 1979 776 2031 A.
795 1978 829 2031 ll.
848 1978 881 2031 L.
891 1978 929 2031 M.
943 1977 976 2030 V.
995 1984 1049 2031 ete
1067 1991 1195 2030 corinasc

727 2094 760 2102 —
778 2063 811 2117 L.
829 2070 856 2116 et
872 2080 887 2116 e
905 2063 1044 2117 contrario

688 2148 711 2181 ⁵³
728 2150 761 2201 A.
787 2148 859 2200 ratio
884 2148 920 2200 sit
942 2145 1051 2213 Papae,
1072 2144 1196 2215 Impera-

730 2233 838 2295 111111-Ὶ
849 2232 880 2285 L.
890 2238 941 2284 rat.
952 2229 1048 2300 Papae
1056 2228 1196 2299 etImp.-

728 2316 761 2368 H.
772 2315 802 2368 P.
821 2317 856 2369 sit
874 2322 926 2369 rat.
936 2314 1032 2385 Papae
1045 2313 1152 2383 etlrnp.
1164 2344 1196 2352 —

728 2400 858 2453 Fsitrat.
869 2399 973 2470 Papae,
981 2398 1038 2453 alia
1048 2397 1196 2468 ratiolnep.

689 2486 711 2518 55
730 2484 767 2538 M.
786 2501 852 2555 erpo
869 2484 1036 2539 reducantur

747 2568 778 2622 F.
793 2569 831 2623 ad
846 2569 961 2639 aliquod
977 2570 993 2622 i.
1006 2584 1050 2638 qu.
1063 2567 1089 2621 le.
1105 2583 1196 2620 cerum

688 2656 710 2688 55
728 2656 761 2707 A.
776 2653 813 2706 M.
833 2653 952 2725 Propter
970 2652 1044 2722 praed
1060 2651 1197 2707 sciendam

730 2745 769 2794 est
787 2739 863 2809 quod

747 2824 778 2877 L.
796 2824 836 2877 sic
853 2838 883 2876 se
900 2822 980 2878 labet
996 2822 1075 2876 relat.

690 2909 712 2942 55
729 2910 762 2961 A.
773 2907 807 2960 H.
827 2908 942 2961 relatura
959 2907 997 2961 ad
1012 2906 1197 2960 relatiuam-

728 2993 761 3045 V.
772 2992 886 3046 relatum
897 2992 934 3046 ad
942 2992 1057 3046 relatum
1068 3023 1098 3032 -
1110 2990 1195 3045 Editt.

729 3079 830 3146 antiqu.
849 3077 990 3132 relatiuam
1003 3077 1040 3131 od
1056 3076 1171 3131 relatam

689 3165 712 3197 55
729 3166 761 3217 A.
781 3163 818 3216 M.
837 3162 964 3234 Papatus
981 3170 1006 3217 et
1024 3162 1181 3234 Inrperatas

690 3251 720 3315 ⁵⁷,
741 3252 764 3284 ⁵⁸
781 3250 815 3303 H.
827 3249 859 3300 L.
874 3249 952 3301 MP.
969 3247 1117 3302 relationes
1134 3263 1197 3318 sup-

728 3334 874 3404 positionis
905 3371 961 3386 ...
988 3333 1026 3388 ad
1047 3338 1197 3402 respectant

729 3419 927 3490 suppositionis

746 3503 779 3556 F.
797 3503 827 3556 P.
846 3502 945 3557 babent
969 3500 1064 3556 reduci

689 3588 760 3641 5511.
780 3606 797 3641 a
815 3586 913 3657 quibus
929 3591 1054 3657 respectu
1075 3615 1108 3624 —
1125 3584 1194 3638 Edd.

729 3676 795 3725 anit.
816 3671 853 3725 ad
870 3671 946 3740 quod
961 3685 1032 3740 resp.

74 3788 125 3856 „Si
143 3792 232 3841 autem
249 3788 301 3842 hoe
320 3789 388 3842 bene
406 3787 513 3848 dicitur,
534 3788 755 3857 quemadmodum
773 3789 892 3852 videtur,
918 3792 945 3842 et
962 3791 1004 3841 cst
1021 3787 1194 3856 uniuscujus-

74 3872 128 3925 que
150 3855 393 3922 mensuravimus,
418 3862 445 3909 et
463 3857 563 3921 bonus,
591 3857 737 3912 secundum
762 3857 832 3924 quod
849 3857 926 3921 talis,
951 3860 977 3909 et
1005 3855 1195 3910 delectationes

75 3928 157 3979 erunt
181 3924 274 3991 utique
299 3940 367 3992 qnae
390 3924 453 3978 huic
477 3925 612 3989 ridentur,
641 3931 673 3979 et·
691 3925 859 3979 delectabilia
878 3925 973 3992 quibus
1000 3923 1050 3976 iste
1068 3922 1193 3990 gaudet.“

73 3992 141 4047 Ibid.
162 3998 245 4061 capt
266 3993 337 4054 (lect.
350 3998 390 4057 11)
410 3992 456 4056 „si
474 3993 566 4061 itaque
575 3993 692 4047 divinum
708 3992 771 4061 quid
784 3993 937 4046 intellectus
956 3990 991 4045 ad
1008 3991 1149 4051 hominem,
1168 3998 1195 4046 et

74 4060 223 4116 secundum
249 4060 320 4114 hanc
344 4060 434 4114 divina
457 4062 510 4114 vita
536 4061 570 4114 ad
593 4062 738 4115 humanam
764 4060 852 4114 vitam.
895 4061 1008 4129 Oportet
1031 4066 1193 4113 autemnon

73 4128 223 4185 secundum
241 4127 384 4182 suadentes
402 4129 520 4183 humana
538 4145 632 4198 sapere
649 4128 791 4193 hominem,
809 4144 895 4196 neque
904 4127 1029 4181 mortalia
1046 4125 1193 4191 mortalem,

73 4197 168 4252 sedin
186 4201 316 4265 quantum
334 4196 463 4264 contingit
480 4197 657 4252 immortalem
674 4197 777 4263 facere,
797 4204 823 4250 et
841 4196 930 4250 omnia
946 4195 1036 4249 facere
1055 4194 1089 4248 ad
1107 4194 1194 4249 vivere

73 4264 222 4321 secundum
241 4264 368 4332 optimam
387 4279 490 4331 eorum,
510 4281 578 4334 quae
596 4267 624 4319 in
642 4265 728 4333 ips0.“
