2902 4874
368 274 503 330 DANTIS
521 273 740 331 MONARCHIA
756 276 778 332 1.
797 276 826 332 Ο.
844 283 869 333 5.
887 282 932 344 (7).
1183 277 1219 338 li

99 448 211 531 ralcm,
236 465 319 529 quae
343 447 549 513 communiori
571 446 728 514 vocabulo
752 453 953 533 nuncupatur
974 449 1163 534 Imperium,
1191 455 1224 517 θῖ

20 539 30 603 s
92 548 139 617 de
158 551 209 634 iis,
231 551 266 614 ut
288 547 486 632 praedictum
509 553 565 632 cst,
587 549 785 633 propositum
807 554 856 616 θεῖ
877 551 936 616 sub
952 549 1221 640 adsignatoprin-

80 651 180 736 cipio
213 650 453 733 inquisitionem
482 651 587 716 facere
620 649 792 716 secundum
825 651 891 717 iam
919 655 1038 717 tactum
1067 653 1254 722 ordinems

69 751 204 819 Prima
225 753 337 835 itaque
360 751 504 833 quaestio
527 751 582 816 sit:
611 751 725 816 Utrum
746 751 790 817 ad
813 753 893 820 bene
915 772 987 819 esse
1009 754 1127 838 mundi,
1154 757 1222 823 Mo-

60 855 228 922 narchia
256 853 442 939 temporalis
471 852 652 920 necessaria
680 853 730 920 sit.
780 854 850 920 Hoc
878 852 1043 938 equidem,
1072 857 1162 921 nulla
1190 857 1223 922 vi

56 957 229 1023 rationis
251 957 305 1023 rel
327 954 525 1021 auctoritatis
547 954 694 1020 obstante
699 1004 712 1038 ,
740 956 915 1040 potissimis
940 962 972 1021 et
993 957 1223 1041 patentissimis

51 1058 293 1143 argumentis
322 1055 447 1123 ostendi
477 1061 597 1140 potest,
633 1076 766 1138 quorum
797 1057 934 1140 primurn
962 1059 1004 1122 ab
1033 1058 1223 1126 auctoritate

54 1159 288 1243 Philosophi
316 1158 503 1238 adsumatur
533 1157 573 1222 de
606 1157 673 1223 suis
701 1157 854 1226 Politiois.
904 1159 1035 1226 Adserit
1064 1160 1149 1226 enim
1177 1161 1223 1226 ibi
1244 1178 1274 1228 ιο

50 1259 294 1330 venerabilis
316 1260 385 1326 eius
407 1259 594 1343 auctoritas,
624 1259 711 1341 quod
739 1259 866 1340 quando
894 1261 1003 1343 aliqua
1024 1261 1118 1346 plura
1138 1260 1222 1328 ordi-

51 1370 213 1430 nantur
235 1361 278 1427 ad
299 1382 411 1444 unum,
441 1366 567 1443 oportet
594 1381 691 1426 unum
721 1381 830 1427 corum
851 1363 999 1444 regulare
1022 1382 1079 1429 seu
1101 1382 1222 1447 regere,

54 1467 160 1530 alia
184 1485 262 1531 vero
284 1462 423 1545 regulari
445 1482 503 1528 seu
530 1463 608 1546 regi.
653 1461 747 1543 Quod
775 1463 905 1545 quidem
932 1484 996 1530 non
1024 1465 1127 1531 solum
1154 1466 1222 1547 glo·
1271 1516 1272 1519 ε

58 1569 217 1633 riosum
244 1585 361 1631 nomen
389 1563 529 1631 auctoris
556 1565 633 1630 facit
661 1584 732 1631 esse
755 1563 964 1649 credendum,
991 1566 1050 1632 sed
1071 1566 1153 1633 ratio
1175 1567 1222 1631 in-

71 1668 238 1734 ductiva.
1245 1688 1274 1736 15

183 1768 219 1834 Si
242 1768 328 1834 enim
350 1766 588 1834 consideremus
609 1786 707 1832 unum
728 1766 904 1851 hominem,
934 1769 995 1835 hoc
1023 1768 1057 1833 in
1086 1790 1124 1836 eo
1150 1789 1221 1835 oon-

71 1872 220 1953 tingere
243 1869 439 1953 videbimus3
469 1869 560 1952 quia,
585 1888 682 1951 quum
704 1888 813 1935 omnes
835 1869 922 1936 vires
946 1869 1015 1936 eius
1038 1869 1224 1938 ordinentur

76 1972 140 2041 ad
160 1971 358 2054 felicitatem,
382 1970 431 2036 vis
451 1969 524 2056 ipsa
545 1970 772 2037 intellectualis
795 1976 844 2037 θεῖ
864 1972 1040 2052 regulatrix
1059 1979 1091 2040 θῖ
1106 1974 1224 2040 rectrix

80 2075 240 2140 ‹rmnium
262 2072 412 2157 aliarum,
435 2072 529 2138 aliter
550 2071 594 2137 ad
614 2071 800 2138 felicitatem
821 2073 989 2157 pervenire
1016 2095 1079 2140 non
1106 2080 1222 2159 potest.

91 2175 136 2242 st
157 2175 396 2242 consideremus
418 2194 513 2239 unam
536 2172 674 2256 domum,
698 2173 787 2239 ouius
803 2172 874 2240 finis
890 2180 947 2258 est,
972 2175 1163 2244 domesticos
1179 2175 1223 2241 ad
1241 2198 1273 2248 20

89 2277 179 2344 bene
204 2276 313 2343 vivere
335 2295 543 2360 praeparare,
572 2295 668 2340 unum
696 2281 822 2358 oportet
849 2295 920 2343 esse
951 2277 1006 2359 qui
1033 2278 1158 2359 regulet
1192 2283 1224 2344 θῖ

96 2384 199 2462 regat,
223 2397 318 2460 quem
340 2376 449 2441 dicunt
470 2376 742 2460 patremfamilias,
765 2378 818 2442 vel
841 2377 910 2443 eius
932 2378 1037 2444 locum
1051 2383 1223 2462 tenentem,

99 2477 188 2544 iuxta
211 2478 371 2545 dicentem
385 2478 630 2563 Philosophum:
652 2477 784 2562 „Omnis
807 2477 919 2544 domus
941 2479 1061 2561 regitur
1082 2500 1103 2544 a
1124 2479 1222 2545 senis-

106 2580 212 2649 simo.“
241 2581 284 2646 Et
298 2579 400 2664 huius,
423 2585 458 2644 ut
473 2579 518 2644 ait
531 2578 698 2663 Homerus,
721 2585 769 2646 est
784 2580 929 2662 regulare
946 2600 1064 2665 omnes,
1089 2587 1120 2648 θῖ
1134 2582 1224 2663 leges

106 2679 264 2767 imponere
280 2681 361 2748 aliis.
392 2680 627 2766 Propter‘quod
642 2681 886 2767 proverbialiter
908 2681 1022 2748 dicitur
1043 2682 1102 2747 illa
1123 2683 1220 2749 male·
1242 2684 1274 2734 25

110 2779 211 2850 dictio:
241 2785 377 2867 „Parem
404 2782 525 2850 habeas
555 2783 589 2847 in
617 2781 743 2850 domo.“
790 2781 825 2848 Si
854 2783 1089 2851 consideremus
1118 2785 1224 2851 vicum

109 2898 206 2969 unum,
228 2884 318 2950 cuius
339 2883 411 2950 finis
434 2890 482 2950 θεῖ
504 2884 671 2952 commoda
692 2890 759 2950 tam
780 2905 986 2970 personarum
1009 2905 1105 2968 quam
1119 2906 1225 2952 rerum

135 3086 146 3119 ³
162 3086 195 3141 P.
212 3087 351 3142 communi
366 3087 496 3142 uocabulo
716 3087 736 3119 ¹⁴
755 3085 824 3141 Edd.
842 3088 914 3142 ratio
932 3088 1041 3143 auctiva

133 3172 145 3204 ⁴
161 3172 196 3226 F.
213 3171 248 3225 de
266 3171 308 3236 iis,
319 3177 408 3242 prout
425 3171 524 3226 dictum
542 3176 583 3225 est
715 3173 735 3204 ¹⁷
752 3170 822 3225 Edd.
841 3173 911 3226 vires
927 3173 989 3244 ejus
1006 3172 1170 3227 ordinantur

135 3257 146 3289 ⁸
163 3257 197 3310 A.
216 3287 251 3294 —
268 3255 377 3324 Reliqui
394 3255 494 3326 ltaque
506 3256 601 3328 prima
712 3256 735 3289 ²⁰
752 3256 783 3309 F.
803 3258 829 3311 si
844 3258 915 3312 enim
933 3258 1133 3312 consideremus

186 3340 219 3395 V.
238 3341 361 3410 quaestio
376 3341 411 3410 fit
713 3341 736 3374 ²¹
753 3340 823 3395 Edd.
842 3341 880 3396 ad
896 3343 962 3398 berre
979 3342 1121 3397 visendam
1151 3412 1152 3416 ἵ

134 3426 145 3459 ⁸
162 3425 205 3486 F..
215 3430 243 3478 et
254 3425 414 3497 patentibus
431 3442 491 3497 erp.
509 3455 543 3464 -
560 3425 594 3480 V.
612 3428 638 3479 et
714 3425 738 3457 ²²
754 3424 824 3479 Edd.
842 3428 969 3498 catejas
987 3428 1076 3483 loram

163 3510 363 3581 potentissimis
373 3526 432 3581 arq.
712 3509 783 3563 ²³1³.
800 3510 833 3564 V.
851 3511 958 3582 repitar
975 3529 993 3566 a
1009 3511 1150 3566 senissimo

134 3611 145 3643 o
163 3593 204 3647 M.
223 3593 257 3649 ab
275 3594 421 3648 Aristotele
434 3593 602 3666 philosopho
712 3595 735 3627 ²⁶
752 3593 785 3648 F.
799 3594 1010 3666 proverbialiter
1028 3595 1110 3650 datar

124 3682 148 3714 ¹⁰
165 3678 200 3733 F.
219 3683 343 3733 sumatur
361 3678 394 3733 de
411 3680 468 3733 sais
486 3678 546 3734 Pol.
711 3679 735 3712 ²⁰
750 3678 785 3732 H.
803 3679 967 3746 maledictio,
986 3678 1028 3734 Ne
1039 3696 1139 3752 parem

124 3766 146 3799 ¹³
164 3763 204 3818 ht
224 3764 367 3818 terminari
381 3779 429 3822 seu
447 3765 509 3835 reqi

134 3930 296 4123 ἱοῖὲῌῇ.
334 3933 394 3987 ¹⁰1.
412 3938 435 3987 5.
453 3932 511 3988 init.
584 3933 605 3966 ¹³
621 3932 761 3988 Auouonrs
777 3931 933 3987 convivium
950 3931 1029 3986 lV.4.
1047 3931 1225 4003 „ilFilosofo

94 4003 174 4058 nella
218 4001 311 4056 olitioa
328 4001 397 4066 diae,
413 3999 462 4055 ebe
479 4000 588 4071 quando
602 4003 655 4072 pell
673 4016 735 4056 aose
751 4018 769 4055 a
786 4016 840 4054 reno
856 4000 912 4069 fiae
930 4015 996 4054 sono
1014 3973 1147 4068 ordinale,
1168 4017 1225 4056 aaa

99 4069 130 4127 dr
137 4070 206 4142 que
205 4069 230 4124 e
248 4084 375 4124 conarere
392 4083 480 4123 essere
496 4070 646 4140 reputante,
665 4085 761 4124 oovero
778 4085 809 4122 r
828 4073 917 4139 quote,
934 4085 949 4122 e
958 4073 1025 4123 tutte
1037 4044 1147 4123 lleotre
1157 4074 1225 4124 rette

1 4172 3 4207 ,
101 4137 284 4220 urecolutef‘
364 4137 387 4169 ²³
404 4136 595 4192 Aarsrounnns
613 4136 694 4191 Polit.
712 4137 776 4191 La.
819 4134 901 4190 ransl.
920 4140 974 4190 ant.
1000 4134 1110 4203 „Omnis
1129 4137 1224 4193 domus

99 4207 204 4276 regitur
222 4221 239 4259 a
257 4203 424 4259 senissimof‘
511 4206 534 4239 ²⁴
553 4204 635 4275 Apud
652 4204 782 4260 Anrsuor.
799 4205 817 4259 l.
838 4220 860 4258 c.
