2910 4876
248 304 384 360 DANTIS
402 304 621 360 MONARGHIA
639 305 686 359 III.
705 306 734 360 C.
755 312 794 361 lu.
817 311 855 360 11.
875 311 935 372 110).
1090 303 1149 367 123

32 477 143 546 inesse.
190 476 257 544 Sed
278 477 424 544 Ecclesia
446 478 572 544 omnino
594 477 784 563 indisposita
807 485 874 546 erat
897 478 940 544 ad
960 480 1153 564 temporalia

30 578 223 664 recipienda,
246 599 304 663 per
318 584 525 662 praeceptum
539 580 769 662 prohibitivum
785 600 980 665 expressum,
1003 588 1038 646 ut
1053 582 1151 649 hube-

27 701 98 748 mus
119 703 179 767 per
200 682 463 766 Matthaeum,
486 683 547 748 sic:
569 681 699 765 „Nolite
713 682 881 767 possidere
901 703 1020 767 aurum,
1044 704 1151 766 neque

26 789 213 867 argentum,
243 803 346 865 neque
368 784 536 869 pecuniam
558 783 591 848 in
619 784 706 851 zonis
728 784 860 867 vestris,
890 805 953 851 non
981 805 1092 868 peram
1119 785 1154 850 in
1172 792 1203 848 tt

23 884 113 971 via,“
139 891 198 952 etc.
236 887 320 951 Nam
335 887 395 952 etsi
411 907 469 972 per
483 887 629 951 Lucam
643 886 798 952 habemus
815 886 1047 953 relaxationem
1060 907 1151 971 prae-

22 989 131 1073 cepti,
162 993 314 1070 quantum
342 987 385 1052 ad
415 987 588 1071 quaedam;
618 986 661 1052 ad
688 988 923 1072 possessionem
952 995 1058 1056 tamen
1083 989 1153 1054 auri

21 1096 55 1157 et
80 1089 208 1171 argenti
230 1090 424 1155 licentiatam
446 1088 624 1155 Ecclesiam
638 1095 711 1174 post
726 1089 972 1173 prohibitionem
993 1091 1084 1155 illam
1105 1091 1151 1155 in-

21 1192 141 1260 venire
170 1212 233 1258 non
260 1191 358 1273 potui.
409 1191 515 1270 Quare
545 1191 573 1256 si
594 1190 739 1258 Ecclesia
768 1190 908 1276 recipere
930 1212 994 1257 non
1015 1198 1151 1276 poterat,

21 1294 104 1360 dato
137 1292 222 1374 quod
250 1292 475 1359 Constantinus
504 1292 565 1360 hoc
593 1293 698 1358 facere
726 1293 884 1377 potuisset
913 1293 952 1358 de
982 1313 1031 1376 se;
1067 1294 1151 1361 aetio
1170 1296 1203 1348 ⁸⁰

21 1400 137 1460 tamen
158 1393 217 1458 illa
237 1414 301 1461 non
324 1402 392 1461 erat
413 1395 587 1479 possibilis,
610 1400 741 1479 propter
761 1394 912 1479 patientis
935 1394 1151 1478 indispositio-

22 1517 109 1564 nem.
155 1497 249 1562 Patet
277 1497 388 1580 igitur,
418 1498 503 1579 quod
532 1517 592 1562 nec
612 1496 759 1562 Ecclesia
780 1496 922 1581 recipere
943 1517 1000 1580 per
1022 1498 1153 1563 modum

23 1598 250 1683 possessionis,
272 1619 331 1665 nec
352 1599 409 1664 ille
425 1599 565 1666 conferre
579 1618 637 1684 per
652 1597 781 1665 modum
796 1599 999 1665 alienationis
1012 1604 1148 1684 poterat.

25 1701 160 1767 Poterat
186 1704 294 1765 tamen
321 1701 514 1784 imperator,
548 1701 581 1764 in
610 1701 819 1785 patrocinium
847 1701 1027 1784 Ecclesiae,
1054 1702 1151 1785 patri-

27 1803 170 1869 monium
192 1807 224 1867 et
246 1801 311 1867 alia
333 1802 496 1886 deputare,
520 1802 649 1869 immoto
672 1822 799 1886 semper
820 1802 976 1887 superiori
998 1803 1148 1887 dominio,
1168 1807 1202 1857 85

28 1905 119 1989 cujus
142 1904 247 1968 unitas
269 1903 458 1970 divisionem
479 1925 543 1970 non
565 1903 692 1988 patitur.
732 1906 864 1970 Poterat
886 1911 917 1969 et
934 1904 1071 1970 vicarius
1087 1904 1150 1971 Dei

26 2007 178 2091 recipere,
201 2025 265 2070 non
287 2010 449 2087 tamquam
471 2024 646 2090 possessor,
670 2005 727 2071 sed
742 2011 906 2088 tamquam
920 2007 1078 2072 fructuum
1093 2028 1151 2091 pro

26 2107 175 2174 Ecclesia
196 2127 253 2191 pro
277 2106 395 2172 Christi
416 2108 610 2191 pauperibus
628 2106 843 2192 dispensator;
869 2107 955 2191 quod
975 2108 1152 2193 Apostolos

24 2211 158 2292 fecisse,
181 2229 245 2275 non
266 2208 435 2290 ignoratur

289 2364 290 2367 '
409 2376 631 2457 '[cnr>urx1.
656 2376 742 2465 (x.)]

112 2514 227 2579 Adhuc
264 2511 386 2596 dicunt,
432 2513 517 2595 quod
559 2513 790 2581 Hadrianus
834 2517 925 2598 Papa
963 2515 1152 2581 Carolum

53 2668 79 2701 ⁷²
96 2665 128 2719 F.
146 2680 210 2719 esre.
246 2662 303 2718 Sed
645 2666 667 2700 ⁸⁸
683 2665 715 2719 F.
733 2682 785 2736 per
802 2665 872 2720 mod.
889 2665 969 2719 alien.
988 2667 1119 2736 anteferre

58 2749 61 2763 '
114 2750 146 2803 L.
165 2749 203 2803 ad
219 2749 372 2820 imperialia
390 2748 547 2819 recipienda
696 2756 810 2820 poterat
826 2767 882 2805 non
899 2751 996 2819 legitur
1014 2751 1043 2804 iu
1060 2751 1090 2805 P.

53 2837 79 2870 ⁷⁴
96 2835 128 2889 F.
146 2834 302 2888 nonhabet
322 2834 362 2888 sic
644 2835 667 2868 ⁸⁰
684 2835 715 2889 F.
734 2834 848 2890 Poterat
865 2838 945 2890 ctiam
966 2837 1049 2890 nicar.

54 2922 78 2954 ⁷⁸
97 2919 167 2973 FP.
178 2918 239 2974 dab.
255 2918 413 2972 relationem
421 2918 567 2989 praecepti
644 2923 667 2955 ⁸⁸
683 2920 715 2972 L.
733 2920 770 2973 M.
783 2936 839 2991 pro
858 2920 991 2987 Ecclesia,
1010 2937 1067 2992 pro
1080 2938 1165 2992 pau,

53 3006 79 3038 11
96 3005 129 3058 A.
148 3003 182 3057 H.
208 3008 340 3073 quantam
366 3002 404 3056 ad
427 3001 565 3072 quandam
679 3005 795 3075 peribus
822 3037 855 3043 —
885 3005 970 3060 Editt.
991 3022 1048 3076 pro
1079 3005 1151 3061 Eccl.

679 3088 1153 3230 1111111111

123 3190 209 3226 ,αι
384 3190 393 3226 1
722 3190 1153 3241 quimurco.....

54 3257 81 3292 ⁷⁸
97 3257 130 3310 V.
150 3255 220 3322 Onia
237 3258 263 3312 si
280 3255 402 3312 Ecclesia
496 3247 497 3251 ἵ
685 3262 713 3313 et
729 3258 854 3314 Ficinum
875 3278 950 3316 come
967 3261 1155 3333 dispensatore
1186 3248 1188 3253 ¹

55 3344 81 3378 ⁸⁰
97 3341 128 3394 F.
149 3342 237 3396 Const.
257 3343 406 3413 inperator
422 3342 518 3411 facere
685 3344 727 3398 de'
744 3345 830 3415 fruiti
843 3348 866 3400 α’
879 3348 980 3417 paneri
995 3347 1025 3400 di
1043 3346 1131 3401 Crista

56 3427 80 3462 ⁸¹
97 3425 130 3479 F.
141 3425 172 3478 P.
182 3433 297 3501 propter
309 3425 566 3498 patientisdisposi·
702 3429 736 3483 A.
755 3430 789 3483 H.
808 3431 839 3483 L.
860 3431 892 3482 V.
917 3430 993 3501 qnod
1012 3429 1155 3502 apostolas

99 3510 565 3583 tionem-Edd.auttpropterpat.
684 3515 836 3585 fecisse-
850 3515 887 3569 M.
906 3516 983 3586 qnod
998 3514 1153 3586 apostolam

100 3615 118 3652 a
138 3597 349 3669 dispositionem,
368 3596 440 3666 quod
458 3596 568 3664 probari
685 3600 786 3669 fecisse

99 3687 203 3753 potest,
226 3683 249 3737 si
272 3700 290 3736 a
314 3688 341 3736 et
364 3683 567 3754 dispositionem
620 3682 684 3755 Cap.
706 3684 754 3737 Xl.
799 3687 806 3717 ¹
831 3684 900 3739 Noui
925 3685 1021 3754 capitis
1048 3685 1154 3739 initium

99 3766 128 3822 in
145 3782 330 3822 unamvocem
348 3767 550 3822 contrahantur.
686 3768 807 3823 indicant
831 3769 869 3823 M.
888 3776 915 3825 et
934 3769 1048 3840 Oporini
1072 3770 1154 3825 editio

59 3853 83 3887 ⁸²
99 3851 132 3905 F.
152 3851 232 3907 Patet
249 3867 315 3923 erpo
334 3851 409 3923 quod
427 3851 500 3907 Eccl.
519 3867 568 3906 nec
686 3853 813 3922 princeps

95 3953 151 4008 per
169 3935 278 3989 modam
705 3938 735 3991 P.
754 3939 830 4008 qnod
846 3939 1004 3994 Andrianns
1021 3939 1104 4012 Papa

76 4089 126 4211 3⁷⁸
144 4089 251 4209 111Αὲ1.
270 4089 423 4211 Μέωτωῑ
440 4104 498 4158 cap.
516 4089 549 4144 X.
572 4107 595 4144 v.
615 4096 638 4145 9.
743 4092 766 4124 ⁷⁸
784 4090 891 4145 Evnuc.
910 4093 1006 4146 Lucus
1030 4107 1088 4162 cap.
1106 4093 1153 4148 IX.

29 4171 184 4226 v..,cap.
231 4175 321 4212 .v..

102 4223 175 4292 dap.
193 4223 251 4279 XI.
289 4228 295 4257 ¹
315 4224 389 4279 Dicit
407 4225 440 4279 de
459 4224 627 4294 expeditione
643 4241 660 4280 1
678 4225 804 4280 carolo
823 4227 941 4295 Magno
960 4234 1101 4286 11111113.
1120 4231 1155 4286 ad
