2910 4876
297 282 432 337 DANTIS
449 281 670 336 MONARCHIA
688 282 722 335 Π.
742 281 771 336 Ο.
793 286 831 336 12.
850 287 914 349 (lb.)
935 288 972 338 13.
993 288 1054 350 (ll.)
1198 279 1236 341 81

2 532 5 549 .
118 455 157 523 de
195 455 327 538 Virgine
360 456 477 538 Matre,
521 460 555 518 ut
590 455 624 519 in
657 454 715 519 illa
757 455 910 538 singulari
942 455 1067 537 generis
1109 455 1240 522 humani
1257 472 1290 524 30

120 555 333 643 descriptione
360 557 463 622 Filius
491 556 563 639 Dei,
593 557 687 623 homo
716 557 834 640 faetus,
857 558 951 623 homo
975 558 1238 644 conscriberetur,

120 658 204 740 quod
225 660 286 725 fuit
309 658 389 724 illud
403 657 563 744 prosequi.
601 656 643 721 Et
664 658 745 724 forte
760 658 899 724 sanetius
914 663 963 724 est
978 655 1134 739 arbitrari,
1158 655 1238 721 divi-

119 761 201 826 nitus
230 759 311 825 illud
339 760 479 826 exivisse
507 780 566 844 per
594 758 780 845 Caesarem,
816 768 851 825 ut
884 757 939 841 qui
971 762 1061 822 tanta
1093 762 1240 843 tempora

117 861 212 928 fuerit
227 867 431 947 exspectatus
453 862 487 926 in
501 863 653 928 societate
667 859 857 942 mortalium,
882 877 952 924 oum
966 858 1155 926 mortalibus
1169 861 1240 945 ipse

115 981 148 1031 se
172 964 383 1046 consignaret.
1258 981 1290 1033 ³5

202 1066 288 1150 Ergo
311 1066 465 1148 Christus,
488 1065 633 1147 Augusti,
657 1066 870 1130 Romanorum
893 1062 1080 1129 auctoritate
1106 1063 1237 1146 fungen-

108 1168 163 1253 tis,
191 1168 331 1235 edietum
353 1167 453 1234 fore
440 1173 509 1252 Just
510 1186 571 1251 um,
595 1186 692 1252 opere
713 1164 881 1250 persuasit
860 1163 970 1229 tEt
993 1184 1090 1246 quum
1112 1185 1132 1229 a
1150 1165 1239 1249 juste

101 1270 289 1354 edioeraJ
281 1268 433 1335 urisdiot'
410 1275 455 1335 tro
478 1274 642 1351 sequatur;
666 1287 797 1334 neeesse
820 1271 922 1350 est,u
922 1266 1041 1350 tquiJ
1033 1266 1148 1331 ustum
1172 1266 1238 1334 edi-

98 1379 204 1438 etum
226 1372 434 1457 persuasit,J
372 1369 675 1455 tjurisdiotionem
697 1370 794 1437 etiam
815 1368 1019 1453 persuaserit,
1042 1387 1124 1450 quae
1147 1368 1176 1434 si
1198 1368 1239 1436 de

86 1473 185 1556 jure
208 1493 273 1539 non
295 1478 378 1545 erat,
402 1473 522 1557 injusta
543 1477 621 1537 erat.
1258 1491 1290 1543 40

201 1575 321 1639 Est
265 1596 306 1641 no
307 1573 449 1657 tandum,
473 1572 559 1654 quod
577 1578 742 1656 argument
743 1592 797 1636 um
819 1530 979 1656 sumptum
994 1571 1037 1636 ad
1052 1571 1238 1640 destructio

90 1698 189 1743 nem
219 1676 456 1759 consequentis,
486 1675 562 1741 lieet
590 1673 631 1739 de
659 1694 717 1739 sua
746 1674 847 1741 forma
876 1695 935 1758 por
963 1673 1105 1755 aliquem
1133 1675 1240 1741 looum

92 1783 242 1861 teneat,
265 1783 371 1843 tamen
393 1777 458 1841 vim
481 1796 571 1841 suam
592 1796 651 1861 per
672 1775 844 1842 seeundam
872 1776 1005 1857 figuram
1028 1775 1181 1859 ostendit,
1211 1777 1239 1841 si
1302 1780 1303 1783 ’

93 1880 301 1963 reduoatur,
330 1880 412 1944 sicut
439 1885 660 1961 argumentum
689 1899 710 1942 a
739 1878 897 1962 positione
931 1877 1150 1944 antecedentis
1181 1899 1241 1963 per

96 1983 262 2068 primam.
313 1979 486 2049 Roduoitur
513 1981 598 2046 enim
626 1980 686 2046 sie:
719 1978 821 2046 Omne
849 1979 1002 2064 injustum
1030 1978 1241 2064 persuadetur
1257 2003 1290 2056 45

99 2085 252 2169 injuste:
282 2082 425 2149 Christus
454 2103 517 2149 non
544 2081 703 2167 persuasit
730 2080 863 2164 injuste:
892 2098 968 2163 ergo
996 2101 1059 2147 non
1080 2081 1241 2165 persuasit

103 2185 280 2270 injustum.
318 2185 346 2251 A
368 2183 525 2270 positione
548 2181 766 2251 antecedentis
789 2182 850 2248 sio:
872 2179 974 2248 Omne
996 2182 1147 2266 injustum
1168 2203 1239 2267 per-

109 2285 271 2352 suadetur
291 2287 425 2371 injuste:
448 2284 591 2351 Christus
609 2285 769 2370 persuasit
792 2281 952 2364 quoddam
974 2283 1140 2366 injustum:
1163 2303 1239 2366 ergo

109 2388 278 2472 persuasit
299 2387 424 2471 injuste.

513 2559 633 2637 [onnon
655 2575 729 2620 xm.
754 2551 848 2640 (xi.)]

203 2717 245 2783 Et
274 2719 302 2784 si
329 2719 505 2785 Romanum
533 2716 701 2802 imperium
729 2715 770 2782 de
794 2715 866 2798 jure
888 2714 1047 2798 nonfuit,
1071 2719 1239 2799 peceatum

148 2869 171 2902 ³⁰
187 2868 300 2925 Turrius
332 2876 360 2924 et
386 2868 487 2923 Fratio.
522 2867 655 2923 communi
792 2864 861 2919 Edd.
878 2864 965 2930 atat,
982 2864 1024 2919 vel
1038 2864 1109 2920 iliud
1124 2863 1239 2920 edietum

189 2953 337 3022 sphalmata
355 2959 385 3007 nt
403 2952 451 3008 ilia
771 2948 880 3003 —Cum
886 2948 963 3004 codd.
970 2948 1036 3004 lacit
1042 2948 1123 3004 otiam
1130 2949 1240 3005 Fioinus

206 3038 236 3091 F.
254 3038 284 3092 P.
303 3038 336 3092 V.
355 3038 507 3109 sinpntorir
732 3035 764 3100 99,
783 3036 807 3070 *9
823 3035 856 3089 Η.
875 3050 947 3105 puae
964 3036 990 3089 si
1004 3035 1112 3090 omnino

150 3122 170 3155 ³¹
187 3123 222 3176 A.
239 3123 269 3177 Ρ.
288 3123 455 3195 disceptione
732 3122 755 3154 ⁴¹
772 3121 807 3174 H.
824 3120 857 3174 L.
876 3120 907 3174 P.
926 3121 962 3172 lit
978 3128 1044 3174 nota

205 3206 325 3262 Primum
351 3206 445 3272 bonno,
480 3206 553 3276 quod
584 3205 655 3260 inter
732 3205 805 3259 ⁴⁴F.
823 3206 858 3260 H.
877 3206 908 3260 L.
926 3205 964 3260 M.
982 3203 1100 3259 V.-P.
1119 3205 1241 3260 intentu

189 3293 265 3348 codd.
289 3309 359 3347 nnus
384 3292 482 3348 omittit
505 3292 554 3357 M,
578 3292 656 3346 abest
774 3308 792 3345 a
797 3291 994 3362 propositione,
1007 3290 1079 3359 quod
1089 3295 1240 3346 correctum
1270 3318 1272 3323 .

161 3404 162 3407 ¹
189 3379 223 3433 ab
242 3377 367 3434 omnibus
384 3377 530 3447 impressis.
774 3375 802 3429 in
828 3391 912 3445 marg.
936 3406 968 3415 -
994 3375 1240 3445 approbatione

150 3462 172 3498 ⁸³
188 3463 256 3517 Edd.
277 3470 400 3535 ternpore
418 3467 494 3517 tanta
775 3491 805 3500 -
824 3459 892 3515 Edd.
910 3461 938 3515 in
952 3459 1090 3531 positione

150 3547 171 3580 9*
188 3547 220 3602 L.
230 3548 269 3602 M.
288 3553 315 3603 et
332 3548 390 3602 edd.
407 3547 503 3618 suerat
520 3550 636 3617 enspeet.
792 3544 823 3598 F.
836 3547 922 3616 posit.
940 3544 1128 3613 consequentis

150 3633 179 3699 99,
190 3633 212 3665 9*
230 3634 263 3686 Α.
273 3633 308 3686 Η.
324 3633 501 3704 sonpente-
516 3631 548 3686 L.
558 3631 589 3687 P.
603 3630 656 3699 [in-
733 3631 757 3665 *9
775 3630 806 3684 F.
841 3629 1023 3701 persuadetur
1053 3628 1185 3697 injustum
1212 3633 1240 3683 et

189 3719 278 3790 pentir
294 3748 329 3756 —
345 3718 384 3772 M.
402 3717 532 3787 ferientis
771 3728 896 3786 pesnas.
915 3714 1046 3784 injustam

150 3803 172 3836 ³⁷
189 3803 222 3856 A.
241 3803 275 3857 H.
293 3802 327 3856 V.
346 3802 384 3858 ad
393 3804 472 3874 juste
734 3800 758 3833 ⁴⁸
774 3798 807 3852 F.
818 3798 851 3852 9.
853 3793 1038 3869 persuadetur
1047 3796 1128 3851 etiarn
1139 3797 1240 3868 injuste

150 3889 174 3922 99
190 3888 222 3942 F.
241 3888 426 3946 condicere—
439 3888 474 3943 A.
491 3887 524 3942 9.
543 3886 656 3943 educere

191 4051 215 4084 ³³
504 4048 573 4103 .lo
590 4047 668 4101 molti
683 4046 750 4100 anni
766 4044 912 4113 loprimna
927 4059 997 4114 paee

124 4132 188 4188 dioit
204 4132 346 4187 Anonos
338 4149 366 4187 m
383 4089 494 4202 Purgat
512 4133 546 4186 X.
565 4137 605 4185 35
633 4131 673 4186 cf.
691 4129 788 4184 Parad.
798 4129 896 4182 XXVI.
917 4131 973 4181 119.
1043 4126 1151 4183 ⁴³Vide
1169 4143 1239 4196 quae

123 4202 273 4257 notavimus
292 4200 326 4255 ad
343 4207 426 4317 eaput
443 4200 612 4257 undecimum
630 4200 708 4267 (vulg.
728 4203 779 4261 13.)
796 4197 859 4252 libri
875 4196 961 4265 primi.

1082 4284 1099 4335 b
