2910 4876
259 287 318 347 140
508 277 646 344 Durius
659 288 879 344 MONARGHIA
896 289 944 343 IIl.
963 289 991 343 C.
1014 295 1052 344 16.
1073 296 1134 354 (15.)

257 463 362 528 oleata
383 481 519 543 namque
543 464 661 527 veritas
684 467 732 526 est
755 462 930 545 questionis
953 461 1048 545 illius,
1072 481 1136 543 qua
1155 464 1374 547 quaerebatur,

207 580 238 630 ss
256 569 362 629 utrum
390 563 433 627 ad
463 565 541 631 bene
572 583 642 629 esse
676 563 786 628 mundi
821 564 1035 629 necessarium
1071 569 1157 629 esset
1184 565 1375 632 Monarchee

256 665 417 732 officium?
447 686 486 730 ac
507 665 610 747 illius,
639 685 703 748 qua
734 666 960 748 quaerebatur,
988 686 1031 730 an
1055 667 1217 732 Romanus
1239 668 1375 752 populus

257 768 297 835 de
321 769 394 852 jure
422 768 593 849 Imperium
622 767 683 832 sibi
711 766 905 834 adsciverit?
942 788 1001 856 pec
1029 788 1092 833 non
1118 768 1205 833 illius
1234 769 1374 852 ultimae,

256 890 319 951 qua
348 871 574 952 quaerebatur,
604 890 646 933 an
673 870 865 934 Monarchae
895 870 1069 935 auctoritas
1096 891 1116 934 a
1138 870 1224 953 Dec,
1256 870 1375 935 veleb

254 972 319 1038 alio
349 972 543 1056 dependeret
570 970 776 1036 immediate?
814 974 904 1051 Quae
923 970 1062 1053 'quidem
1098 971 1216 1038 veritas
1245 972 1375 1039 ultimae

203 1090 236 1140 co
255 1059 450 1156 quaestionis
472 1094 535 1139 non
557 1073 603 1138 sic
625 1074 732 1138 stricte
754 1073 939 1158 recipienda
961 1079 1024 1156 est,
1048 1077 1082 1138 ut
1103 1074 1266 1139 Romanus
1288 1074 1373 1138 Prin-

255 1195 330 1260 ceps
353 1175 386 1240 in
408 1175 516 1257 aliquo
539 1177 682 1240 Romano
704 1175 849 1241 Pontifici
877 1196 940 1241 non
963 1175 1143 1259 subjaceat3
1175 1195 1272 1256 quum
1295 1197 1373 1242 mor-

254 1278 329 1342 talis
358 1278 421 1342 ista
449 1277 597 1343 lelicitas'
615 1277 849 1359 quodammodo
879 1276 923 1340 ad
950 1277 1160 1343 immortalem
1188 1277 1373 1344 felicitatem

255 1379 425 1445 ordinetur.
474 1379 537 1443 Illa
565 1379 662 1459 igitur
689 1379 868 1446 reverentia
897 1379 1017 1445 Caesar
1037 1384 1144 1444 utatur
1171 1377 1214 1441 ad
1236 1380 1373 1462 Petrum,

256 1500 318 1562 qua
339 1481 568 1564 primogenitus
590 1480 673 1545 filius
689 1481 786 1547 debet
799 1481 846 1545 uti
861 1480 904 1544 ad
918 1486 1057 1566 patrem;
1080 1486 1116 1544 ut
1136 1481 1207 1545 luce
1222 1486 1374 1565 paternae

203 1582 377 1664 eugratiae
405 1582 597 1665 illustratus,
626 1583 797 1648 virtuosius
827 1583 935 1649 orbem
962 1587 1065 1648 terrae
1086 1582 1233 1664 irradiet,
1260 1583 1312 1647 cui
1333 1584 1374 1648 ab

254 1683 315 1748 Illo
338 1685 407 1750 solo
429 1683 609 1768 praefectus
631 1690 688 1767 est,
712 1685 766 1766 qui
789 1690 837 1750 est
853 1684 992 1750 omnium
1013 1682 1225 1767 spiritualium
1248 1689 1281 1748 et
1295 1689 1371 1750 tem-

253 1785 412 1869 poralium
434 1786 634 1867 gubernator.

282 1935 304 1968 ⁸⁵
322 1936 351 1987 F.
369 1935 401 1987 Η.
420 1935 458 1988 Μ.
476 1935 506 1987 P.
525 1934 558 1987 V.
577 1965 609 1972 —
632 1933 664 1985 L.
683 1938 711 1987 et
728 1934 787 1988 edd.
908 1944 949 1988 ert
965 1966 997 1972 -
1009 1935 1040 1987 F.
1059 1951 1113 1989 uou
1130 1937 1170 1990 sie
1187 1938 1281 1990 stricte
1299 1937 1372 1991 iutel-

322 2015 500 2072 Mouorcbr'ue
518 2019 710 2088 officium-a
728 2018 788 2072 cod.
909 2021 1018 2092 lipeoda
1036 2030 1077 2074 est
1093 2051 1126 2058 —-
1148 2021 1180 2073 H.
1200 2038 1250 2076 uec
1267 2022 1308 2076 stc
1323 2028 1370 2076 str.

323 2104 354 2155 A.
391 2104 490 2157 absunt
530 2104 629 2172 omnia·
660 2103 721 2157 inde
754 2104 788 2157 ab
908 2107 993 2176 reet‘p.
1012 2114 1052 2159 est

321 2194 412 2241 utrum
431 2205 516 2256 usque
538 2189 571 2242 ad
595 2206 630 2242 ou
648 2187 789 2243 montanos
867 2190 891 2223 ⁹³
908 2189 939 2242 F.
958 2189 1013 2245 ltto
1031 2207 1096 2260 erpo
1114 2192 1266 2244 reuerentia

280 2273 301 2304 ⁸⁷
319 2273 353 2326 A.
372 2272 521 2344 quoerr'um
541 2275 596 2329 sz'br'
611 2275 788 2345 adquisiverit
866 2276 889 2308 ⁹⁵
906 2275 938 2328 F.
957 2276 987 2328 L.
1008 2278 1057 2346 qui
1072 2277 1106 2330 ab
1125 2275 1170 2329 ttto
1188 2274 1248 2329 solo

320 2389 354 2397 —
388 2359 422 2412 H.
450 2359 602 2413 Rorueuum
635 2359 704 2431 Imp.
737 2361 790 2415 stez·
865 2359 888 2392 ⁹⁰
906 2362 956 2429 qm'
967 2366 1007 2414 est
1016 2360 1183 2414 desideratur
1199 2359 1228 2412 in
1247 2361 1308 2414 cod.
1318 2361 1374 2415 Pal.

320 2444 419 2499 adscit.
866 2445 890 2478 ⁰⁷
908 2446 939 2499 F.
958 2446 1147 2517 temporalium
1162 2447 1332 2516 puberuetor
1349 2453 1375 2501 et

281 2529 303 2564 ⁸⁸
320 2529 352 2581 A.
372 2546 408 2582 eur
425 2528 603 2584 lllouarobiee
621 2531 771 2584 auotoritas
907 2538 996 2585 rector
1016 2563 1043 2568 -
1068 2531 1097 2584 P.
1117 2531 1310 2602 temporalium
1326 2549 1377 2603 pu-

280 2613 303 2646 ⁹⁰
321 2614 353 2666 A.
378 2630 433 2667 mou
457 2616 496 2667 sr'c
519 2615 610 2668 stricte
628 2615 787 2684 accipienda
906 2615 1050 2670 bernatore

321 2767 344 2802 ⁰⁴
362 2766 402 2821 Cf.
420 2768 561 2819 Aucuoms
579 2766 721 2834 epistolam
732 2767 767 2820 ad
780 2782 856 2834 reges
871 2774 897 2822 et
909 2768 995 2836 princ.
1009 2771 1024 2833 ξ
1038 2773 1080 2822 10:
1101 2769 1169 2833 „Hic
1181 2775 1229 2833 est,
1249 2785 1344 2838 quem.
1355 2813 1376 2826 ..

252 2834 326 2889 Petri
345 2850 487 2888 successor
504 2834 564 2887 luce
582 2835 747 2903 apostolicae
765 2834 961 2890 benedictionis
979 2837 1123 2901 illuminat,
1148 2845 1190 2905 ut,
1212 2838 1261 2891 ubi
1282 2839 1379 2895 radius

252 2901 401 2972 spiritualis
420 2919 473 2956 non
493 2901 600 2963 sufficit,
619 2903 656 2956 ibi
674 2902 801 2972 splendor
817 2903 928 2958 minoris
944 2905 1084 2960 luminaris
1101 2905 1246 2960 illustret.“
