2910 4876
434 303 568 361 DANTIS
585 302 803 358 MONARCHIA
820 305 868 358 III.
887 304 916 360 0.
935 311 959 361 9.
1130 334 1133 340 ·
1196 304 1256 364 117

136 473 290 557 „Etiamsi
313 475 486 557 oportuerit
500 495 552 540 me
567 476 647 542 mori
668 480 781 558 tecum,
804 497 868 543 non
889 482 922 541 te
943 475 1099 558 negabo.“
1132 477 1173 542 Et
1194 478 1256 545 hoo
1274 499 1305 548 65

136 575 231 640 etiam
263 581 456 642 contestatur
477 577 642 642 Marcus.
696 578 824 643 Lucas
857 599 933 646 vero
967 578 1092 660 scribit,
1126 579 1255 644 Petrum

134 677 231 744 etiam
246 677 366 744 dixisse
382 677 516 761 Christo,
532 699 645 763 parum
659 697 756 763 supra
770 680 870 745 verba
884 679 1062 764 praemissa
1073 680 1113 746 de
1122 681 1254 762 gladiis:

133 779 299 862 „Domine
315 786 419 844 tecum
434 786 564 863 paratus
579 791 649 847 s'um
666 783 745 847 etin
760 801 919 847 carcerem
935 780 1014 845 etin
1028 786 1163 847 mortem
1177 781 1254 849 ire.“

217 881 238 946 J
246 900 394 947 oannes
417 888 523 949 autern
541 883 618 949 dicit
633 884 673 949 de
688 883 755 966 illo,
780 881 866 964 quod
883 902 979 964 quum
995 882 1138 948 Christus
1155 884 1254 950 vellet

133 983 195 1048 sibi
217 984 327 1049 lavare
349 982 465 1066 pedes,
495 986 608 1050 Petrus
637 985 697 1051 ait:
730 985 903 1068 „Domine,
927 991 961 1049 tu
982 984 1061 1049 mihi
1083 985 1174 1050 lavas
1197 1005 1251 1069 pe·
1272 990 1304 1040 70

133 1082 235 1150 des?“
271 1084 313 1149 Et
333 1085 431 1150 inira:
454 1086 547 1168 „Non
569 1087 695 1152 lavabis
717 1086 796 1153 mihi
818 1086 916 1172 pedes
939 1086 971 1149 in
993 1084 1187 1152 aeternum.“

216 1185 303 1251 Dicit
331 1186 443 1269 etiam,
473 1187 578 1272 ipsum
599 1187 708 1269 gladio
736 1187 930 1272 percussisse
952 1187 1087 1253 ministri
1110 1206 1251 1254 servum:

132 1286 336 1368 quodetiam
359 1289 561 1354 conscribunt
584 1311 692 1358 omnes
716 1297 858 1374 quatuor.

215 1387 303 1459 Dicit
324 1389 421 1454 etiam
442 1390 635 1474 Joannes,
663 1392 768 1476 ipsum
796 1389 976 1457 introivisse
1004 1390 1124 1473 subito,
1155 1410 1251 1472 quum

131 1490 217 1556 venit
238 1491 271 1553 in
292 1498 544 1576 monumentum,
575 1492 688 1560 videns
717 1492 816 1558 alium
839 1490 1029 1575 discipulum
1051 1497 1251 1558 cunctantem
1269 1501 1300 1551 7⁵

130 1591 172 1656 ad
196 1591 321 1659 ostium.

215 1692 302 1758 Dicit
322 1692 436 1759 iterum
443 1744 452 1779 ,
476 1695 562 1776 quod
577 1695 750 1762 exsistente
770 1696 848 1762 Jesu
871 1696 903 1759 in
924 1696 1032 1779 litore,
1054 1702 1128 1780 post
1149 1715 1250 1760 resur-

129 1795 310 1879 rectionem,
334 1816 430 1877 quum
451 1799 564 1863 Petrus
587 1796 730 1863 audisset
752 1796 828 1878 quia
849 1796 1005 1863 Dominus
1028 1802 1121 1879 esset,
1144 1797 1252 1862 tunica

130 1897 289 1963 subcinxit
311 1917 346 1962 se
370 1895 453 1980 (erat
474 1899 558 1966 enim
579 1896 707 1982 nudus),
730 1905 762 1964 et
784 1898 869 1963 misit
892 1919 927 1964 se
950 1899 982 1962 in
1003 1919 1099 1965 mare.

213 1998 334 2064 Ultimo
358 1998 444 2082 dicit,
469 1999 554 2080 quod
578 2018 674 2081 quum
689 2001 802 2066 Petrus
824 1998 958 2066 vidisset
978 2000 1144 2083 Joannem,
1169 2000 1251 2066 dixit
1269 2011 1300 2062 so

128 2100 220 2166 Jesu:
243 2100 416 2183 „Domine,
440 2100 492 2166 hic
514 2107 621 2167 autem
644 2100 765 2182 quid?“

212 2201 311 2266 Juvat
333 2202 451 2285 quippe
474 2203 553 2267 talia
575 2202 616 2269 de
638 2200 896 2268 Archimandrita
924 2209 1030 2268 nostro
1060 2203 1092 2267 in
1120 2203 1249 2270 laudem

127 2325 204 2371 suae
227 2305 374 2390 puritatis
403 2303 618 2386 continuasse,
647 2304 681 2369 in
710 2304 825 2385 quibus
853 2311 963 2386 aperte
993 2304 1249 2388 deprehenditur,

153 2481 176 2512 ⁶⁷
193 2479 280 2535 Editt.
318 2477 565 2533 contradicentibus
605 2482 660 2532 tam
779 2482 921 2532 versantur
938 2482 1029 2533 textus
1048 2495 1139 2547 sacer,
1168 2480 1245 2535 codd.

193 2563 382 2633 Evangelista‚
401 2577 481 2632 quam
506 2561 583 2615 codd.
604 2576 660 2615 ma·
781 2568 808 2618 et
826 2562 937 2617 Ficinus
954 2593 988 2601 —
1005 2563 1036 2616 P.
1053 2564 1248 2619 exeuntclcra

194 2649 338 2719 nuscriptis
364 2646 427 2702 Etsi
452 2648 604 2718 oportuerit
621 2663 662 2700 me
798 2650 829 2702 L.
849 2650 877 2702 r'a
895 2647 974 2702 litore
991 2651 1075 2703 maris

193 2735 275 2788 simul
290 2735 361 2788 mori
740 2735 763 2766 ⁷⁸
781 2733 813 2787 L.
833 2750 893 2789 eum
912 2732 1011 2787 Petrus
1028 2733 1138 2787 vidisset

153 2821 176 2852 ⁶⁶
194 2819 224 2872 P.
243 2824 410 2874 corttertctor
427 2815 556 2871 Mothous
739 2819 770 2882 ⁷⁸,
790 2820 813 2851 ⁷⁹
828 2819 861 2874 A.
871 2819 902 2871 L.
913 2818 943 2871 P.
953 2816 985 2870 V.
1007 2819 1125 2873 turricam
1142 2819 1248 2875 sudcr'rt-

152 2905 176 2937 ⁰⁸
192 2906 225 2956 A.
244 2903 276 2956 F.
292 2902 323 2956 L.
333 2903 366 2956 M.
377 2902 406 2955 P.
417 2901 450 2954 V.
464 2907 585 2971 paratas
602 2916 661 2953 rum
779 2905 825 2958 xit
846 2920 875 2958 se
902 2934 933 2943 -
960 2902 1031 2956 Edd.
1055 2902 1196 2958 subciaxit
1220 2920 1249 2957 sc

192 2990 220 3040 r'rr
237 3003 373 3043 carcerom
391 2985 439 3052 (M.
458 2993 578 3048 carcerc)
781 2989 873 3043 turrea

151 3073 175 3105 ⁷⁹
193 3071 223 3125 V.
242 3071 366 3127 Ioannes
383 3073 463 3126 ctiam
482 3070 548 3125 dicit
741 3071 763 3103 ⁸⁰
781 3071 887 3138 Omnes,
906 3076 1016 3142 praeter
1032 3072 1065 3124 A.
1081 3071 1121 3139 L,
1139 3072 1249 3127 vidisset

150 3159 175 3191 ⁷⁰
191 3158 223 3212 In
240 3157 270 3214 P.
290 3157 457 3213 desideratur
477 3155 592 3210 Domine
780 3156 924 3224 Ioannem,
942 3156 1010 3211 dicit

151 3245 174 3277 ⁷⁷
190 3243 223 3296 F.
242 3243 272 3296 P.
293 3243 463 3312 quodetiam
480 3240 603 3295 scribant
738 3241 759 3274 ⁸¹
778 3243 809 3294 A.
829 3241 903 3296 dixit
922 3241 1027 3297 Christo

150 3329 173 3361 ⁷⁷
190 3327 314 3382 Lectioni
340 3328 473 3381 existente
498 3324 603 3380 Cirr'rto
630 3326 658 3378 r'rr
738 3327 760 3359 ⁸²
778 3327 809 3379 F.
830 3326 864 3381 dc
877 3327 1101 3383 Arclrr'mcrrdrita
1118 3334 1249 3382 vestro-

192 3412 278 3477 litore,
297 3427 377 3480 quam
394 3411 496 3465 habent
507 3410 591 3476 editt,
610 3409 657 3464 ad·
778 3411 811 3464 H.
830 3411 1078 3467 Arclrr’maadrr‘tom
1095 3417 1218 3465 nostram

192 3575 215 3607 ⁶⁶
231 3573 339 3627 Eunus.
356 3570 452 3626 Mnacr
478 3586 537 3639 cap.
553 3567 628 3625 XIV.
656 3589 680 3625 v.
700 3576 741 3626 29.
769 3603 802 3611 -
829 3573 937 3626 Evnns.
957 3572 1053 3626 Lucra
1080 3585 1139 3639 cap.
1158 3570 1244 3623 XXII.

123 3660 146 3695 v.
165 3647 205 3696 33.
275 3642 298 3674 ⁶⁹
314 3640 423 3694 Evnnc.
440 3639 579 3694 Joflnnnrs
597 3655 656 3708 cap.
668 3639 743 3693 XIII.
761 3658 784 3693 v.
802 3645 824 3694 6.
845 3645 859 3693 8
938 3641 961 3672 ⁷⁷
978 3639 1045 3694 Ibid.
1065 3653 1127 3707 cap.
1144 3637 1243 3692 XVIII.

122 3715 204 3765 r.10.
292 3709 316 3741 ⁷³
333 3708 442 3762 Eunus.
461 3708 616 3761 Marsuam
643 3724 701 3776 cap.
720 3708 819 3762 XXVI.
847 3724 870 3760 v.
890 3713 930 3760 51.
959 3739 992 3747 —
1018 3707 1127 3762 Eunus.
1149 3706 1246 3760 Mnncr

123 3793 181 3846 cap.
200 3776 272 3830 XIV.
296 3794 319 3829 v.
338 3782 379 3829 47.
411 3807 444 3815 -
470 3775 578 3830 Evnnc.
599 3777 696 3830 Lucan
720 3791 752 3830 ee
773 3819 778 3828 .
797 3776 883 3828 XXII.
908 3793 931 3828 v.
951 3781 992 3828 to.
1097 3776 1119 3807 ⁷⁴⁷
1138 3774 1243 3828 Eunus.

122 3847 259 3900 Joflnnnrs
278 3860 336 3914 cap.
356 3844 415 3896 XX.
434 3861 457 3897 v.
477 3850 500 3898 6.
537 3844 577 3914 Cf.
595 3844 693 3900 Parad.
711 3844 737 3896 X
765 3845 810 3898 IV.
832 3848 887 3897 125.

398 3928 514 3983 Oronte
528 3935 624 3999 patre,
643 3945 657 3982 r
677 3929 741 3982 trito
759 3925 808 3982 clue
826 3928 889 3982 ordi
905 3947 911 3963 ·

462 3997 508 4051 Cio*
527 3994 575 4051 cde
592 4013 638 4051 cre
657 3997 709 4049 esti
724 3995 763 4063 si,
781 3994 829 4050 circ
847 4004 875 4050 ta
894 3997 1006 4051 or‘rrecrtr'

467 4065 521 4118 Ver
538 4066 564 4119 lo
582 4065 704 4135 sepolcro
723 4065 733 4118 i
745 4066 799 4136 pra
815 4065 928 4134 qr‘ooortr'
942 4063 1024 4134 pierii.

121 4152 143 4184 ⁷⁷
162 4149 271 4204 Evnuo.
289 4150 354 4204 Jon.
372 4165 404 4203 oa
427 4191 431 4201 .
450 4149 522 4202 XXI.
540 4167 564 4202 v.
584 4154 608 4202 Ἰ.
672 4149 693 4180 ⁸¹
711 4148 778 4202 Ibid.
796 4164 865 4204 vers.
886 4153 928 4204 21.
999 4149 1022 4182 ⁸⁷
1039 4148 1123 4202 Simili
1139 4148 1244 4203 ratione

121 4224 212 4272 noster
229 4217 258 4270 in
274 4217 372 4271 Parad.
417 4217 438 4270 I.
457 4222 498 4272 99.
516 4218 624 4271 beatum
643 4216 818 4270 Franciscum
843 4216 1153 4271 archimandritam
1171 4215 1243 4270 dicit.
