2896 4876
258 291 364 347 xxxn
442 368 444 371 v
685 269 998 349 aeconomum(

313 490 411 537 manu
441 475 493 535 tua
513 465 709 560 accepimus,
736 462 887 534 dedimus
903 461 992 533 titr‘.
1030 460 1167 531 Planum
1185 472 1234 531 est
1260 471 1383 552 autem,

311 593 397 690 quod
425 591 509 687 Papa
538 602 586 662 est
610 616 707 662 verus
731 592 867 693 vicarius
884 587 1003 660 Christi
1026 589 1058 658 in
1086 600 1182 659 terra.
1220 587 1278 659 Illo
1302 613 1380 684 ergo

308 719 381 815 jure
425 719 654 814 temporalium
699 691 935 789 administratio
973 717 1164 787 conceditur
1197 715 1301 812 Papae
1342 717 1382 787 ah
1434 752 1435 755 ¹

312 847 521 943 Imperatore,
549 857 580 917 et
606 847 762 943 recipitur
789 846 932 941 abipso,
959 867 1023 939 quo
1048 841 1121 937 jure
1141 844 1381 939 praedictorum

294 974 474 1047 ¹honorum
504 974 741 1047 administratio
769 973 924 1067 recipitur
950 997 966 1042 a
993 970 1073 1061 Deo,
1103 983 1134 1041 et
1161 958 1255 1042 datur
1281 971 1384 1042 Deo“.

261 1101 285 1172 l.
314 1101 348 1172 8.
375 1102 480 1198 „Papa
507 1113 558 1173 est
582 1112 678 1198 caput
693 1100 927 1196 discipulorum
951 1109 982 1168 et
998 1098 1232 1194 Apostolorum
1250 1096 1383 1170 Christi.

313 1228 377 1301 Sed
406 1229 446 1300 de
473 1228 641 1325 discipulis
657 1228 777 1300 Christi
797 1227 918 1299 dictum
940 1238 1005 1298 est:
1032 1226 1123 1316 „Nisi
1142 1227 1196 1322 qui
1212 1227 1385 1297 renuncia·

312 1357 393 1428 verit
430 1357 584 1428 omnibus
622 1382 702 1452 quae
737 1356 897 1451 possidet,
941 1378 1005 1424 non
1043 1362 1149 1449 potest
1184 1378 1276 1424 meus
1311 1377 1384 1425 esse

313 1484 522 1579 discipulus“.
561 1483 650 1579 Ergo
676 1484 813 1575 videtur,
840 1482 925 1579 quod
945 1481 1029 1577 Papa
1058 1505 1156 1577 super
1184 1477 1386 1577 temporalia,

314 1620 508 1707 potestatem
546 1635 611 1682 non
641 1612 754 1710 haheat
772 1665 881 1682 .....
898 1608 959 1680 lsta
976 1673 980 1681 .
998 1609 1058 1679 luit
1085 1609 1237 1679 instantia
1264 1607 1385 1679 Juliani

314 1738 466 1810 haeretiei
487 1738 713 1831 (Eclanensis),
740 1740 794 1834 qui
821 1739 906 1811 hona
933 1736 1171 1833 patrimonialia
1191 1734 1386 1808 Christianis

315 1867 483 1957 auferens,
525 1866 666 1958 dicebat,
700 1865 849 1937 Christus
878 1876 989 1936 noster
1016 1863 1095 1934 dixit
1121 1865 1155 1934 in
1189 1861 1385 1958 Evangelio:

313 1993 397 2085 „Qui
414 2018 480 2065 non
507 1995 765 2066 renunciaverit‘
790 2003 850 2064 etc.
903 1993 977 2064 Non
1005 2003 1054 2063 est
1080 2002 1189 2064 tamen
1206 1992 1245 2062 de
1261 1992 1387 2062 ratione

313 2121 394 2192 vitae
410 2124 572 2218 perlectae
589 2133 622 2195 et
638 2121 872 2218 discipulorum
891 2119 1021 2211 Christi,
1049 2119 1128 2190 nihil
1155 2111 1385 2215 temporalium

315 2249 498 2346 possidere,
532 2274 632 2346 quum
670 2250 731 2345 ipsi
765 2250 866 2321 multa
908 2248 1097 2345 temporalia
1140 2249 1173 2317 iu
1216 2248 1386 2318 communi

314 2377 473 2449 haberent
491 2432 603 2449 .....
626 2377 709 2448 Nam
737 2352 900 2449 Abraham
928 2378 1094 2473 perlectus
1122 2375 1223 2447 homo
1251 2385 1328 2466 erat,
1348 2368 1394 2450 ,et'

316 2505 434 2576 multas
462 2505 587 2577 divitias
613 2505 760 2577 habehat.
796 2505 966 2577 Possidere
994 2529 1073 2599 ergo
1096 2503 1230 2592 divitias
1258 2526 1325 2572 non
1354 2512 1391 2572 ut

316 2635 350 2704 in
377 2634 423 2704 eis
450 2658 525 2731 spes
558 2640 709 2730 ponatur,
735 2634 790 2705 sed
812 2644 846 2704 ut
866 2634 900 2704 in
928 2634 974 2704 eis
1001 2633 1148 2703 divinum
1176 2612 1410 2727 pracceptum

316 2761 489 2855 impleatur
502 2760 541 2832 ad
553 2762 733 2857 praesentis
750 2763 831 2832 vitae
850 2763 1130 2854 sustentationem,
1148 2759 1186 2830 ad
1206 2781 1387 2854 pauperum

316 2889 537 2983 erogationem
567 2899 598 2958 et
623 2890 778 2960 virtutum
798 2887 1019 2984 operationem
1041 2899 1090 2958 est
1105 2886 1144 2957 de
1164 2887 1288 2956 ratione
1306 2883 1388 2954 vitae

316 3016 551 3112 apostolicae‘t

500 3249 583 3304 AUG.
603 3248 661 3302 TR.
679 3249 803 3304 XXXVI.
821 3254 844 3302 6.
873 3249 915 3313 m.
934 3248 1016 3304 MON.
1034 3249 1083 3303 III.
1103 3255 1152 3302 tlh

316 3388 413 3480 „Plus
437 3400 542 3485 potest
567 3389 747 3487 imperator
781 3417 876 3488 quum
905 3391 1006 3486 Papa,
1044 3389 1136 3484 cujus
1170 3390 1301 3482 signum
1331 3401 1390 3480 est,

317 3517 391 3611 quia
418 3541 493 3588 eum
522 3520 554 3588 in
583 3543 679 3591 suum
708 3521 861 3592 auxilium
890 3529 983 3590 vocat
1008 3518 1046 3588 ad
1080 3513 1304 3588 defensionem
1328 3517 1391 3586 Ec·

320 3642 435 3714 clesiae
453 3699 564 3717 .....
582 3644 639 3717 Est
661 3648 849 3738 dicendum,
867 3645 951 3742 quod
971 3646 1031 3715 hoc
1051 3646 1172 3740 ipsum,
1198 3644 1283 3740 quod
1303 3643 1389 3740 Papa

317 3780 410 3842 vocat
436 3770 674 3869 Imperatorem
692 3776 723 3845 in
752 3800 847 3847 suum
868 3773 1023 3845 auxilium
1047 3784 1078 3843 et
1097 3771 1262 3844 Ecclesiae
1279 3771 1391 3882 delen·

319 3898 445 3970 sionem
482 3926 498 3971 a
533 3900 617 3997 Papa
653 3903 748 3973 hahet
785 3903 955 3974 causaliter
990 3901 1151 3991 effective,
1185 3910 1216 3970 et
1249 3900 1390 3970 finaliter

190 4040 197 4052 ’
319 4027 540 4120 terminatus,
566 4056 668 4126 quum
696 4031 838 4125 gladium
868 4029 1068 4126 imperialem
1098 4028 1205 4099 solum
1234 4028 1266 4098 in
1296 4027 1392 4098 mini·

213 4196 215 4200 »
319 4156 454 4227 sterium
482 4157 541 4227 Dei
568 4169 695 4231 constet
719 4160 779 4230 sihi
807 4183 877 4229 esse
905 4133 1046 4228 datum“.
