2896 4876
508 339 792 395 PROLEGOMENA.
1109 341 1213 397 XXVII

141 510 142 513 '
195 514 360 585 Romanae
380 515 592 609 arrogantiae,
621 516 718 586 nimis
744 516 854 606 elatae,
880 516 966 586 viros
984 515 1081 586 etiam
1110 524 1213 585 caete·

95 643 207 740 roquiu
237 644 318 738 parti
348 641 512 737 Guelplrae
541 643 704 733 addictos,
737 643 842 714 verbis
877 654 908 713 et
942 643 1032 713 lactis
1059 644 1210 714 resistere

94 771 257 867 potuisse,
285 769 376 840 facile
405 769 605 864 intelligitur.
658 770 703 841 lta
731 771 827 841 etiam
856 783 1021 841 auctorem
1052 781 1212 860 nostrum,

92 899 268 993 apartium
288 897 395 968 studio
414 921 544 992 semper
570 898 724 987 alienum,
751 899 783 968 in
814 899 912 992 patria
934 897 1079 994 Guelpha
1107 897 1212 969 adhuc

94 1037 288 1115 morantem,
313 1035 345 1095 et
371 1024 509 1120 publicis
538 1024 729 1096 inuueribus
758 1025 960 1120 lougeutem,
988 1027 1093 1120 egisse
1122 1036 1212 1120 puta·

93 1177 181 1241 mus;
211 1155 315 1248 neque
343 1151 526 1223 amoribus
555 1152 640 1223 illius
667 1153 735 1222 aevi
763 1153 906 1224 alienum
934 1164 992 1244 est,
1023 1177 1087 1223 uon
1116 1153 1213 1223 sulle-

92 1282 173 1351 cisse
210 1292 245 1351 ut
278 1281 350 1376 quis
384 1279 571 1350 concivibus
606 1290 794 1375 suspectum
830 1305 864 1350 se
901 1281 1068 1371 redderet,
1108 1292 1139 1350 et
1172 1280 1211 1351 ab

94 1408 272 1480 honoribus
312 1419 544 1497 removeretur,
579 1408 664 1502 quod
701 1408 733 1477 iu
772 1431 869 1503 opere
897 1409 975 1478 solis
1010 1408 1212 1479 doctioribus

94 1537 276 1632 composito
320 1545 351 1605 et
385 1533 579 1629 intelligibili
614 1534 814 1605 theoremata
853 1536 934 1630 parti
970 1535 1211 1607 dominantium

93 1665 225 1735 adversa
253 1662 447 1758 exposuerit.

196 1795 398 1884 Argumenta
426 1812 484 1884 pro
508 1786 582 1880 jure
609 1813 626 1858 a
653 1787 746 1884 Papis
775 1789 935 1860 vindicato
964 1791 1104 1886 prolata,
1139 1791 1213 1862 licet

95 1920 273 2008 immutata,
302 1918 404 1988 tnulto
433 1926 541 1985 tamen
570 1914 697 2010 plenius
725 1917 809 2012 apud
837 1928 995 2008 auctores,
1023 1928 1136 1989 nostro
1164 1943 1214 1989 re·

94 2047 253 2117 cautiores
265 2103 274 2135 ,
308 2069 364 2114 eos
401 2043 590 2138 pracsertim
627 2043 798 2137 leguntur,
835 2045 889 2140 qui
927 2056 1038 2116 contra
1075 2045 1214 2117 Lirdu·

97 2175 229 2244 vicum
251 2171 477 2260 Baiarum,
506 2194 565 2265 pro
592 2168 781 2241 loliannc
807 2171 903 2242 XXll.
932 2184 1108 2244 certarunt.
1143 2164 1211 2244 'sed

95 2325 194 2397 quiam
231 2299 423 2394 scriptores,
457 2321 539 2392 qrros
574 2298 765 2392 impugnare
800 2301 967 2370 coustituit
999 2300 1138 2390 Dentes,
1173 2302 1211 2372 ad

96 2453 155 2499 nos
176 2451 239 2497 riou
260 2425 476 2522 pervenerint,
504 2434 538 2495 ut
556 2449 719 2496 summam
739 2450 853 2498 eorum
881 2451 962 2523 <puae
989 2451 1049 2522 pro
1078 2452 1112 2498 sc
1140 2429 1214 2500 alle·

96 2567 171 2626 ruut
197 2554 370 2650 perspiciat
399 2554 509 2642 lector,
537 2552 711 2624 uorruullas
738 2579 777 2625 ex
805 2553 981 2626 Aucusruu
1010 2555 1213 2629 ducourrrm

97 2683 282 2773 (Turonum,
309 2681 333 2770 †
364 2678 511 2769 134326)
540 2703 637 2774 opere
665 2680 704 2751 de
732 2691 889 2776 potestate
916 2682 1131 2754 ecclesiastica
1160 2685 1215 2755 de·

96 2820 218 2881 sumtus
246 2809 433 2898 sententias,
461 2831 541 2902 quac
568 2809 733 2901 graviores
762 2807 841 2879 milri
870 2805 952 2880 visae
980 2820 1066 2900 suut,
1094 2811 1214 2902 insero,

98 2937 275 3008 secumlmn
304 2935 453 3004 ordinem
483 2934 554 3005 libri
584 2937 687 3006 nostri
714 2960 767 3006 eas
796 2935 992 3030 disponens,
1028 2949 1062 3007 ut
1089 2938 1215 3011 facilior

98 3064 228 3134 alterius
254 3085 330 3132 cum
358 3061 457 3132 altero
486 3063 528 3132 sit
554 3063 809 3159 scrupos-uice)
855 3062 1028 3135 Praemitto
1055 3066 1212 3160 quaedam

99 3216 135 3261 ex
161 3190 363 3266 dedicatione
391 3189 429 3259 ad
449 3189 632 3260 iohannem
651 3188 747 3261 XXll.
775 3201 934 3287 excerpta,
962 3217 1042 3288 quae
1070 3194 1109 3264 ad
1128 3194 1215 3265 Den-

100 3328 160 3387 tem
189 3343 223 3388 sc
251 3317 374 3387 relerre
403 3316 607 3387 crediderim.

99 3584 160 3639 rius.
187 3584 233 3638 Ad
251 3584 305 3638 hoc
323 3598 461 3637 sumamus
478 3582 662 3638 testimouium
680 3585 777 3638 summi
792 3580 933 3640 Pou'tificis
950 3585 1045 3662 ipsius,
1063 3583 1215 3638 scilluuo-

99 3677 178 3732 centii
189 3678 266 3744 (Cap.
276 3682 313 3731 tt.
325 3677 359 3731 X.
373 3677 424 3743 Qui
433 3672 480 3730 tilii
491 3677 545 3730 siut
554 3677 629 3743 legit.
644 3673 675 3741 t‘l]
682 3682 699 3742 t,
707 3677 741 3731 de
750 3677 829 3745 Rege
836 3677 1002 3732 Francorum
1013 3679 1051 3732 sic
1061 3677 1213 3744 loquentis:

96 3771 174 3837 „Rex
200 3771 366 3825 Francorum
399 3771 566 3838 superiorem
593 3769 621 3822 in
648 3770 846 3838 temporalibus
875 3771 984 3824 minime
1015 3771 1214 3837 recognoscite

99 3864 126 3918 Si
136 3864 220 3928 dicas,
239 3865 310 3933 quis,
320 3864 380 3919 etsi
390 3880 444 3917 nou
456 3864 637 3930 recognoscit,
655 3870 746 3918 tamen
756 3863 863 3934 dejure
877 3863 999 3925 deberet,
1017 3863 1215 3932 respondemus

97 3973 146 4025 per
163 3957 388 4022 interemtionem,
406 3958 481 4025 quod
498 3972 554 4010 uon
572 3956 672 4012 debet“
690 3962 742 4012 etc.

182 4051 213 4117 ²⁶)
231 4049 272 4104 Ol.
290 4051 325 4106 de
343 4066 376 4105 eo
393 4051 575 4105 Treaeoscm
592 4050 607 4102 l.
627 4066 650 4105 c.
669 4051 693 4116 ξ.
712 4054 753 4103 27.
772 4064 798 4118 p.
819 4054 959 4103 tls-147.

183 4144 211 4209 ²⁷)
228 4136 334 4198 Ulimur
352 4144 471 4199 editione
489 4159 559 4212 quae
578 4143 679 4211 prodiit
689 4141 834 4210 Augustae
853 4158 925 4196 anno
939 4145 1009 4194 trra.
1028 4141 1122 4206 infel,
1151 4157 1215 4211 per-

97 4237 192 4291 multis
210 4237 346 4292 erroribus
364 4237 568 4307 typothetarum
588 4235 694 4291 referta.
