2910 4876
431 304 568 361 DANTIS
586 305 802 362 MONARCHIA
818 308 840 362 Ι.
860 308 889 363 O.
907 315 931 364 9.
1200 309 1245 370 69

125 497 214 562 quum
236 468 384 545 diremtio
406 469 597 545 universalis
619 478 714 563 litigii
736 479 839 563 magis
860 481 932 547 Deo
954 480 996 545 sit
1018 486 1121 566 cuiae,
1145 502 1241 566 quam

123 569 265 646 diremtio
288 581 505 666 particularis,
529 587 561 646 et
582 581 616 646 in
636 568 884 666 particularibus
910 581 1022 664 litigiis
1051 583 1241 665 quibusdam

119 703 174 767 per
195 682 335 750 athletas
357 683 499 749 divinum
518 683 675 768 judicium
696 683 891 768 postulatur,
917 683 1013 768 juxta
1037 685 1146 751 tritum
1168 708 1275 771 pro-5

117 785 276 852 'verbiumz
306 783 365 850 cni
386 786 475 851 Deus
506 784 666 869 concedit,
696 783 866 850 benedicat
894 790 926 851 et
953 787 1081 872 Petrus,
1119 789 1240 854 nullum

119 885 250 953 dubium
272 892 335 970 est,
360 887 436 968 quin
449 886 671 972 praevalentis
691 886 725 952 in
739 886 870 953 athletis
891 908 949 972 pro
972 888 1108 974 Imperio
1131 891 1241 956 mundi

119 988 310 1056 certantibus
341 988 405 1056 Dei
435 988 593 1073 judicium
625 988 667 1053 sit
698 992 841 1070 sequuta.
897 991 1058 1056 Romanus
1092 993 1239 1077 populus,

116 1091 238 1157 cuncus
260 1090 521 1156 athletizantibus
542 1111 600 1176 pm
623 1089 761 1175 Imperio
783 1089 911 1175 mundi,
933 1091 1129 1176 praevaluit:
1153 1093 1239 1175 quod

6 1202 11 1203 ’
116 1193 174 1258 crit
205 1191 425 1276 manifestum,
455 1191 482 1257 si
511 1190 751 1284 considerentur
780 1192 936 1276 athletae,
966 1192 994 1257 si
1022 1193 1240 1261 consideretur
1260 1215 1292 1267 10

119 1299 146 1359 et
174 1292 324 1359 bravium
352 1293 421 1359 sive
449 1298 544 1360 meta.
595 1294 747 1359 Bravium
781 1294 850 1360 sive
879 1298 965 1361 meta
992 1294 1065 1379 fuit,
1095 1297 1240 1364 omnibus

116 1397 268 1477 praeesse
291 1395 495 1478 mortalibus;
519 1394 581 1460 hcc
603 1395 688 1461 enim
709 1395 882 1481 Imperium
904 1393 1047 1463 dicimus.
1093 1395 1158 1463 Sed
1179 1399 1241 1465 hoc

113 1497 194 1562 nulli
224 1495 373 1579 contigit,
401 1494 463 1560 nisi
491 1496 635 1561 Romano
662 1496 799 1582 populo:
828 1497 880 1563 hic
908 1517 971 1563 non
993 1498 1087 1565 modo
1110 1500 1241 1585 primus,

109 1600 191 1680 quin
214 1599 313 1665 etiam
334 1598 421 1664 solus
444 1596 551 1678 attigit
564 1602 683 1663 metam
705 1597 895 1681 certaminis,
917 1604 953 1663 ut
975 1600 1083 1665 statim
1104 1602 1237 1685 patebit.

198 1689 326 1766 Primus
346 1713 485 1780 namque
505 1698 540 1762 in
561 1699 765 1783 mortalibus,
790 1700 844 1782 qui
867 1698 909 1764 ad
932 1700 993 1766 hoc
1014 1701 1162 1768 bravium
1183 1723 1237 1769 an·
1259 1726 1288 1780 15

102 1799 255 1885 halavit,
289 1800 416 1868 Ninus
444 1799 518 1883 tuit,
547 1801 751 1886 Assyriorum
779 1821 853 1886 rex,
890 1802 959 1888 qui,
995 1804 1141 1886 quamvis
1167 1826 1238 1872 cum
1287 1813 1294 1827 “

94 1908 260 1972 ¹consorte
288 1901 373 1968 thori
402 1900 612 1967 Semiramide
646 1923 705 1987 per
731 1903 906 1984 nonaginta
940 1909 972 1970 et
1000 1906 1109 1988 plures
1137 1927 1238 1974 annos

96 2001 158 2089 (ut
171 2001 358 2071 'Orosius
386 2001 495 2089 refert)
524 2003 697 2088 Imperium
726 2004 837 2069 mundi
865 2006 962 2072 armis
991 2007 1178 2094 tentaverit,
1206 2014 1238 2075 et
1332 2085 1334 2088 Α

91 2107 227 2175 Asiam
249 2110 348 2172 totam
371 2104 435 2170 sibi
456 2105 632 2190 subegerit,
662 2126 726 2171 non
754 2112 862 2172 tamen
891 2107 1103 2176 occidentales
1128 2109 1238 2174 mundi

88 2216 222 2292 partes
257 2206 305 2274 eis
345 2225 485 2288 unquam
523 2207 687 2274 subiectae
725 2207 859 2274 fuerunt.
908 2209 1031 2277 Horum
1071 2211 1236 2277 amborum
1255 2234 1288 2288 20

90 2309 287 2378 Ovidius
315 2307 501 2376 memoriam
529 2308 605 2374 facit
633 2308 666 2374 in
696 2314 824 2393 quarto,
850 2309 906 2375 ubi
928 2309 1006 2376 dicit
1027 2312 1060 2376 in
1083 2312 1237 2398 Pyramo:

166 2509 170 2518 Ι
321 2432 468 2488 coctilibus
485 2419 569 2488 muris
588 2434 704 2490 cinxisse
721 2433 874 2489 Semiramis
893 2435 1000 2504 orbcm3

92 2530 141 2588 et
164 2521 265 2588 infra:

319 2644 486 2700 Conveniunt
502 2644 536 2699 ad
555 2645 635 2700 busta
652 2644 731 2713 Nini,
748 2645 905 2714 lateantque
923 2644 973 2699 sub
992 2646 1095 2701 umbra.

157 2817 169 2850 ³
188 2815 301 2871 directio
318 2814 421 2869 habent
438 2829 529 2869 omnes
549 2814 624 2869 codd.
768 2817 796 2868 et
818 2813 948 2878 bractam,
975 2814 1046 2883 quod
1071 2821 1097 2876 (a
1115 2816 1183 2871 Ven.
1208 2817 1236 2871 in

155 2902 167 2933 ⁴
185 2901 219 2952 Α.
228 2899 388 2971 da'reptc'a-
398 2899 495 2968 reliqui
512 2899 592 2954 etiam
604 2898 648 2954 hic
768 2898 848 2953 etiam
857 2902 1001 2964 mutatum)
1011 2900 1154 2954 abestaF.
1164 2904 1192 2955 et
1199 2901 1234 2956 H.

181 2985 295 3040 directio
726 2982 747 3016 ¹³
763 2983 798 3036 A.
821 2982 855 3036 Η.
878 2982 909 3036 P.
925 2981 959 3037 V.
982 2986 1117 3056 conticuit
1141 3016 1176 3026 —
1201 2986 1234 3040 F.

157 3073 168 3104 ⁵
186 3071 220 3123 A.
238 3069 270 3124 L.
283 3070 459 3142 postulamus
482 3099 516 3108 —
539 3068 576 3122 M.
595 3084 649 3140 po·
768 3068 893 3122 collocarit

180 3153 312 3208 eluamus
730 3152 750 3185 ²⁴
767 3151 837 3206 Edd.
856 3154 923 3223 qaia
938 3157 965 3207 ct
981 3152 1057 3213 solas

197 3239 265 3294 Edd.
277 3240 368 3311 juata
380 3240 443 3310 jam
461 3238 554 3292 tritum
786 3236 853 3291 Edd.
873 3239 922 3307 qut
937 3239 1030 3309 attiqit
1045 3270 1079 3277 -
1099 3239 1132 3292 A.
1150 3238 1182 3291 F.
1200 3239 1234 3294 H.

157 3324 216 3378 ⁶F.
234 3324 266 3380 P.
285 3324 359 3379 Dauo
377 3323 509 3378 concedat
767 3322 797 3376 P.
816 3324 928 3393 attiaalt
945 3354 978 3364 -
995 3323 1028 3377 V.
1047 3325 1181 3394 contabait

197 3409 231 3463 H.
250 3409 321 3464 nulli
336 3408 447 3464 dublum
729 3407 809 3461 15Ιιει
826 3423 919 3462 omncs
931 3409 973 3474 (ab
992 3424 1046 3463 uno
1056 3408 1094 3463 M.
1105 3408 1183 3462 abest
1196 3408 1235 3473 ia)

160 3497 181 3528 ¹⁰
197 3495 228 3547 F.
254 3494 329 3564 qaod
350 3498 392 3547 ast
413 3493 589 3563 manifestam
615 3523 649 3531 -
768 3522 800 3534 -
818 3492 887 3547 Edd.
906 3495 976 3547 later
992 3491 1120 3546 mortales

181 3580 216 3633 H.
235 3583 262 3634 et
279 3579 309 3632 P.
335 3577 410 3648 qaod
426 3578 479 3631 erit
496 3578 647 3632 maalmam
728 3578 749 3610 ¹⁷
767 3577 838 3631 Edd.
857 3592 945 3631 canos
961 3581 987 3630 ct
998 3576 1097 3647 plures

102 3714 113 3728 ,
197 3664 271 3718 Inter
302 3660 419 3717 athletae
441 3666 468 3718 ct
492 3664 519 3716 o·
543 3661 645 3717 constal.
727 3662 749 3695 ¹⁸
766 3662 798 3715 A.
817 3665 848 3715 at
864 3659 1082 3729 Seruius-resen

181 3747 413 3817 conjunctionem,
445 3762 525 3815 quam
551 3761 647 3801 sensus
783 3747 814 3800 F.
833 3746 917 3799 armis
934 3746 1091 3800 tractaverit

181 3831 375 3901 quodammodo
398 3831 552 3886 desiderare
575 3831 647 3886 vide-
727 3830 749 3863 ¹⁹
765 3830 835 3913 Edd.
853 3835 937 3884 totam
954 3830 1047 3883 Asiam
1073 3860 1106 3869 -
1129 3829 1164 3886 H
1181 3832 1232 3885 As·

180 3925 239 3982 tur,
265 3916 360 3971 inserit
377 3916 478 3971 Fratic.
520 3915 572 3971 Sed
591 3915 646 3970 sut·
765 3915 869 3986 syriam
887 3920 970 3969 totam

180 4001 237 4056 ficit
262 4001 378 4057 alterum
405 4008 431 4056 et
456 4001 527 4056 inter
543 4000 647 4055 consid.
724 4002 743 4034 ²¹
761 4001 793 4053 A.
811 3999 846 4054 H.
865 4000 898 4053 V.
916 3999 1071 4053 memoriam
1087 3998 1157 4067 fecit

181 4152 415 4224 (tap01X00‘l
520 4154 541 4186 ¹⁸
560 4153 679 4207 Ouosrus
701 4152 803 4207 Hister.
829 4152 850 4206 Ι.
869 4158 893 4207 4.
997 4151 1020 4184 ²¹
1038 4149 1119 4204 Ovm.
1143 4150 1231 4205 Meta-

114 4223 216 4293 morph.
234 4221 281 4276 IV.
301 4225 342 4276 58.
420 4221 444 4254 ²³
461 4220 563 4276 Ibidem
581 4238 603 4274 v.
626 4225 665 4275 88.
