2902 4874
253 277 294 340 48
559 279 695 333 DANTIS
713 276 932 333 MONARCHIA
949 277 980 330 Π.
1000 293 1023 332 θ.
1042 282 1065 330 t.

219 458 235 506 5
253 457 382 539 praeter
396 451 540 518 ordinem
562 451 594 516 in
609 452 703 517 rebus
718 449 925 516 communiter
937 449 1124 533 institutum,
1141 449 1295 515 divinitus
1309 448 1378 516 fit.“

254 552 348 623 Unde
376 554 446 637 ipse
474 553 603 636 probat,
633 553 693 619 soli
721 552 791 618 Deo
822 555 1017 634 competere,
1049 551 1204 618 miracula
1234 554 1377 638 operari:

255 656 341 740 quod
368 655 557 722 auctoritate
578 655 730 741 Moysis
751 655 933 735 roboratur,
965 653 1020 717 ubi
1049 672 1145 734 quum
1171 659 1303 720 ventum
1326 661 1377 722 θεῖ

254 758 298 824 ad
327 758 501 842 sciniphes,
532 757 619 840 Magi
647 756 839 839 Pharaonis,
875 754 1074 821 naturalibus
1106 755 1269 841 principiis
1300 757 1375 822 arti-

254 859 363 926 ficiose
385 863 525 941 utentes,
549 863 581 927 et
602 859 648 924 ibi
663 857 861 941 deficientes,
885 854 1047 922 dixerunt:
1070 857 1218 940 „Digitus
1241 858 1304 923 Dei
1327 866 1379 926 est

205 967 236 1018 10
255 959 336 1027 hic.“
387 960 422 1026 Si
458 979 533 1045 ergo
568 960 754 1025 miraculum
789 965 838 1025 est
870 956 1056 1047 immediata
1087 959 1230 1043 operatio
1270 960 1376 1045 primi,

254 1064 375 1146 absque
398 1062 622 1146 cooperatione
644 1059 853 1128 secundorum
875 1058 1052 1141 agentium,
1082 1065 1117 1123 ut
1141 1059 1210 1144 ipse
1233 1063 1377 1128 Thomas

254 1164 287 1228 in
308 1162 527 1249 praeallegato
555 1162 637 1228 libro
665 1162 780 1247 probat
809 1159 1015 1244 sufficienter,
1046 1180 1142 1242 quum
1170 1162 1204 1228 in
1230 1162 1377 1231 favorem

254 1265 390 1350 alicujus
411 1264 622 1350 portenditur,
652 1264 743 1330 nefas
771 1267 819 1330 est
841 1261 947 1329 dicere
954 1311 963 1344 ,
993 1261 1075 1327 illud
1097 1262 1148 1327 cui
1170 1263 1216 1329 sie
1238 1263 1375 1348 favetur,

254 1388 317 1433 non
340 1387 411 1434 esse
433 1368 548 1449 aDeo,
571 1370 734 1446 tamquam
748 1363 984 1447 beneplacitum
998 1362 1061 1428 sibi
1075 1364 1246 1448 provisum.
1270 1367 1377 1445 Quare

206 1479 237 1530 15
256 1488 346 1535 suum
369 1466 647 1534 contradictorium
671 1465 844 1533 concedere
861 1470 1004 1530 sanctum
1028 1470 1091 1532 est:
1114 1466 1292 1532 Romanurn
1314 1469 1375 1533 Im-

255 1569 378 1655 perium
398 1567 442 1634 ad
470 1568 519 1634 sui
547 1567 789 1653 perfectionem,
819 1566 1042 1632 miraculorum
1070 1567 1222 1650 suffragio
1247 1574 1298 1635 θεῖ
1320 1567 1375 1634 ad-

251 1671 371 1755 jutum;
395 1689 470 1752 ergo
492 1670 597 1736 aDeo
620 1668 767 1751 volitum,
792 1673 824 1735 et
842 1666 903 1753 'per
926 1687 1137 1752 consequens,
1161 1669 1201 1735 de
1220 1669 1294 1755 jure
1317 1671 1377 1736 fuit

256 1779 288 1839 θῖ
311 1778 367 1837 θεῖ.

341 1871 434 1952 Quod
455 1878 577 1956 eutem,
599 1894 656 1956 pro
672 1873 815 1939 Romano
837 1871 975 1956 Imperio
990 1871 1198 1955 perficiendo,
1223 1872 1379 1940 miracula

206 1989 239 2040 20
257 1974 345 2041 Deus
366 1972 576 2059 portenderit,
599 1974 769 2040 illustrium
791 1979 954 2041 auctorum
976 1974 1166 2041 testimoniis
1188 1976 1375 2061 comproba-

256 2081 315 2142 tur.
359 2077 443 2141 Nam
469 2077 527 2142 sub
549 2077 655 2141 Numa
676 2077 849 2160 Pompilio,
878 2075 1017 2143 secundo
1046 2077 1259 2142 Romanorum
1290 2097 1376 2161 rege,

256 2179 318 2243 ritu
347 2177 520 2245 Gentilium
549 2176 755 2261 sacrificante,
784 2179 886 2244 ancile
919 2177 959 2244 de
989 2178 1078 2244 coelo
1103 2178 1141 2242 in
1169 2178 1280 2244 urbem
1306 2181 1377 2245 Deo

303 2332 459 2383 5εῖαῖιιτθινη
482 2344 532 2398 pro
556 2329 706 2383 institutum
725 2327 788 2397 legi·
924 2327 958 2381 H.
978 2328 1009 2382 L.
1028 2327 1099 2394 (tcta
1115 2344 1193 2382 succe

325 2418 370 2469 tur
387 2413 460 2482 apud
477 2412 639 2481 Aquinatem
870 2416 891 2448 ¹⁵
905 2413 937 2467 F.
956 2412 986 2466 P.
1011 2443 1045 2453 -
1069 2411 1102 2466 V.
1128 2412 1310 2468 concederunt
1334 2430 1379 2469 sc·

301 2501 312 2533 ⁷
329 2499 366 2553 M.
385 2498 478 2570 Moysi
909 2515 985 2552 crum
1002 2529 1036 2535 -
1047 2487 1084 2550 H.
1100 2498 1132 2552 L.
1151 2498 1299 2553 concedere
1315 2499 1376 2569 scl-

301 2585 311 2617 ⁸
328 2583 358 2638 L.
378 2583 417 2637 M.
435 2583 464 2637 P.
483 2582 515 2637 V.
535 2613 568 2622 -
586 2583 618 2636 Η.
639 2583 739 2652 cr'rtr'fes
756 2614 790 2620 -
909 2599 968 2635 serm
982 2612 1009 2620 -
1021 2584 1053 2635 A.
1073 2582 1110 2635 Μ.
1129 2597 1205 2636 cccc.
1223 2582 1331 2652 fectum
1345 2614 1378 2623 -

324 2669 356 2721 F.
376 2668 483 2738 syclses
499 2699 533 2707 --
556 2670 589 2721 A.
611 2670 736 2722 sinistros
757 2697 791 2708 -
909 2667 1021 2722 Ficinus
1049 2683 1123 2722 cccc.
1152 2666 1254 2721 licitam
1280 2668 1378 2736 legisse

326 2753 395 2827 Edd.
414 2751 545 2824 cymphes
911 2752 1017 2806 ridetur
1034 2783 1068 2793 —
1084 2751 1153 2806 Edd.
1171 2768 1247 2808 cccc.
1265 2755 1354 2807 cirtem

287 2842 309 2873 ¹⁰
325 2839 362 2893 M.
381 2837 414 2893 Si
430 2853 493 2892 cero
872 2839 894 2871 ¹⁷
910 2838 943 2892 In
961 2836 1020 2892 cod.
1038 2837 1071 2891 H.
1091 2837 1166 2892 deest
1181 2837 1239 2907 fuit
1256 2868 1290 2877 -
1307 2837 1376 2892 Edd.

287 2925 308 2957 ¹³
319 2923 496 2995 protenditur
519 2923 621 2976 habent
639 2923 746 2978 codices
766 2928 792 2976 et
868 2929 875 2948 ⁶
910 2922 1016 2991 auttfi

326 3007 449 3061 Turrius.
467 3007 520 3062 Sed
524 3007 709 3079 portenditur,
720 3007 793 3076 quod
870 3008 894 3040 ²⁰
911 3008 943 3060 A.
962 3006 993 3059 P.
1012 3005 1044 3059 V.
1070 3011 1098 3078 et
1124 3005 1183 3061 cdd·
1208 3011 1275 3061 antt.
1294 3037 1326 3047 -
1345 3007 1375 3061 F.

326 3091 424 3161 legitur
451 3091 480 3146 in
508 3091 581 3146 editt.
614 3099 679 3146 antt.
707 3091 791 3160 magis
905 3099 1015 3163 partem
1033 3091 1138 3145 dederet
1151 3090 1300 3159 -Reliqui
1310 3109 1378 3162 pro·

326 3177 429 3245 placet,
461 3192 542 3244 quum
568 3176 642 3231 Deos
672 3177 793 3246 auspicia
911 3176 1027 3231 tenderet

326 3261 368 3314 vel
393 3261 503 3315 oracula
529 3261 711 3331 portendere,
738 3277 792 3316 non
870 3263 901 3326 2²,
914 3262 937 3295 ²³
953 3263 987 3314 A.
1010 3260 1043 3314 H.
1067 3260 1099 3314 L.
1121 3260 1150 3314 P.
1174 3260 1206 3313 V.
1225 3291 1255 3301 -
1269 3261 1302 3314 ll.
1321 3260 1378 3316 Deo

327 3345 488 3415 protendere
506 3345 627 3401 dicamus
912 3346 1016 3400 colente
1041 3376 1075 3385 -
1101 3344 1186 3400 Editt.
1210 3363 1228 3399 c
1251 3345 1310 3400 Dec
1328 3347 1379 3400 ele·

289 3431 309 3463 ¹⁴
327 3431 360 3483 A.
385 3447 402 3483 e
426 3430 484 3484 Ilcc
507 3436 644 3500 tamquam
669 3432 793 3502 benepl·
911 3436 982 3484 ctam
1060 3432 1062 3451 '

328 3517 382 3570 cito
400 3515 453 3571 side'
476 3547 510 3555 —
536 3515 566 3569 F.
589 3516 693 3570 adderes
715 3517 792 3571 berte-

323 3599 456 3670 plcce'tcm
474 3602 514 3655 sr'c

329 3719 473 3773 τΕεοθεε
493 3724 515 3774 8·
537 3737 559 3773 v.
574 3723 680 3775 12-14.
699 3718 841 3786 „Extende
858 3719 958 3800 virgam
976 3723 1050 3773 tuam
1069 3725 1095 3774 et
1112 3724 1225 3788 percute
1243 3721 1380 3788 pulverem

261 3790 365 3853 terrae,
383 3792 411 3842 et
428 3787 482 3841 sint
499 3786 634 3856 sciniphes
653 3789 696 3852 (al.
717 3787 882 3856 ‚‚ciuiphes“)
900 3804 928 3841 m
945 3789 1071 3842 universa
1088 3793 1162 3842 terra
1179 3788 1322 3858 Aegypti.“

262 3855 406 3909 9Εεοθθε
423 3855 440 3908 l.
461 3872 482 3909 c.
502 3872 526 3908 v.
549 3863 587 3909 15.
681 3858 702 3890 ¹⁴
720 3857 759 3910 Cf.
779 3857 920 3910 Aucrorus
944 3856 1029 3924 Epist.
1057 3855 1092 3910 ad
1110 3856 1196 3924 Reges
1214 3860 1237 3922 ἓ.
1257 3861 1280 3910 8.
1301 3856 1381 3923 „Sia

260 3925 348 4044 prima
365 3924 448 3993 hujus
471 3923 539 3991 ignis
563 3923 655 3978 favilla
679 3924 845 3979 revolvamus
867 3926 1028 3993 praeterita,
1053 3939 1088 3978 ex
1105 3941 1157 3993 quo
1175 3924 1281 3978 scilicet
1299 3925 1379 3994 Argis

280 3992 431 4060 ospitalitas
457 4007 472 4045 a
493 3991 644 4061 Phrygibus
667 3992 811 4061 denegata,
842 3996 868 4046 et
890 4007 975 4060 usque
999 3992 1034 4045 ad
1057 3992 1198 4047 Octaviani
1227 3992 1379 4063 triumphos

259 4067 336 4127 gesta
352 4060 468 4114 revisere
484 4067 571 4126 uecet3
597 4061 726 4115 nonnulla
750 4075 842 4114 eorum
864 4059 1012 4114 videbimus
1036 4060 1169 4115 humanae
1196 4060 1302 4116 virtutis
1324 4077 1379 4116 onr-

261 4127 323 4181 nino
343 4128 459 4182 eulmina
475 4128 688 4193 transcendisse,
707 4135 733 4182 et
743 4128 832 4182 Deum
849 4143 897 4196 per
914 4126 1049 4194 homines,
1068 4133 1205 4198 tamquam
1223 4146 1272 4198 per
1291 4130 1379 4185 coelos

260 4210 358 4260 novos,
376 4194 478 4265 aliquid
495 4201 619 4264 opertum
636 4196 746 4251 fuisse.“
