2896 4876
471 289 760 346 Pssonuuuuuuu.

342 543 426 599 AUG.
445 544 502 598 TR.
521 544 605 597 IBID.
625 546 668 607 (D.
687 543 770 598 MON.
789 545 835 598 ΙΙΙ.
858 549 905 608 10.)

117 702 170 793 „Si
198 702 400 792 inveniatur,
426 701 619 797 quaudoque
653 701 778 798 aliquos
805 701 1022 799 Imperatores
1057 704 1185 774 dedisse

115 831 219 926 aliqua
237 828 424 922 temporalia
447 830 587 899 summis
604 828 826 920 Pontificibus
852 831 936 901 sicut
951 829 1186 902 Constantinus

115 957 204 1027 dedit
218 955 386 1047 Silvestro,
403 956 463 1026 lroc
480 980 546 1026 nou
563 969 611 1028 est
628 956 887 1051 intelligendum,
907 957 991 1054 quod
1008 982 1106 1029 sunm
1124 969 1184 1050 est,

114 1085 169 1155 sed
198 1084 398 1174 restituetur,
424 1083 508 1178 qnod
537 1082 656 1177 injuste
683 1094 715 1154 et
742 1085 907 1178 tyrannice
935 1085 1076 1157 ablatum
1106 1089 1184 1156 est.“

56 1210 203 1283 xxxvl.
233 1211 266 1281 3.
286 1211 462 1302 „Silvester
479 1236 544 1281 non
562 1211 685 1307 recepit
700 1210 751 1282 ille
779 1211 967 1306 temporalia
984 1237 1000 1282 a
1024 1210 1183 1283 Constan-

114 1339 181 1409 tino
210 1348 366 1434 quantum
396 1337 434 1408 ad
463 1338 599 1408 dominii
629 1338 904 1432 recognitionem,
940 1339 995 1410 sed
1024 1349 1180 1435 quantum

113 1466 152 1536 ad
169 1465 390 1536 immediatam
409 1465 591 1561 aliquorum
609 1466 838 1562 temporalium
858 1466 1184 1559 administrationem,

113 1617 251 1689 quorum
269 1591 413 1663 Ecclesia
440 1604 514 1663 autc
543 1618 608 1664 uon
625 1592 771 1683 lubebat,
798 1605 829 1664 et
852 1605 1008 1689 quantum
1026 1594 1064 1664 ad
1081 1595 1183 1690 ipsius

86 1809 88 1813 Α
112 1720 277 1791 Ecclesiae
306 1730 337 1789 et
363 1720 438 1790 fidei
467 1720 642 1791 catholicae
678 1721 998 1794 defensionem...
1025 1777 1031 1790 .
1058 1778 1065 1792 .
1092 1722 1184 1792 Sicut

113 1849 219 1919 dictus
246 1845 480 1918 Constantinus
506 1858 579 1918 ante
607 1849 826 1944 receptionem
856 1849 1005 1945 baptismi
1034 1849 1183 1920 utebatur

112 1976 258 2047 dominio
294 1975 522 2070 temporalium
562 1976 727 2067 tyrannice
762 1988 794 2046 et
828 1977 1011 2072 usurpative
1043 2030 1182 2047 .....

110 2104 154 2173 ita
171 2103 393 2198 postmodum,
411 2102 495 2172 sicul
512 2101 570 2173 Dei
589 2102 747 2193 minister,
765 2127 844 2173 usus
862 2114 912 2174 est
930 2105 984 2174 tali
1003 2103 1182 2176 dominio.“

54 2229 171 2302 XLlll.
203 2230 234 2302 1.
259 2230 424 2321 „Videtur,
451 2229 534 2325 quod
564 2228 796 2301 Constantinus
826 2256 889 2301 nou
918 2233 1060 2327 potuerit
1078 2232 1181 2329 Papae

59 2434 61 2438 ,
113 2369 235 2453 partem
256 2357 386 2454 lmperii
406 2357 597 2447 concedere,
624 2368 656 2426 et
682 2368 804 2453 partem
826 2358 886 2428 sibi
906 2383 1081 2450 reservare,
1108 2360 1180 2454 qnia

113 2485 195 2557 liona
215 2485 403 2556 communia
423 2495 455 2554 et
472 2485 555 2556 bona
568 2484 775 2581 Reipublicae
796 2509 861 2555 nou
881 2497 1020 2581 possunt
1038 2486 1181 2577 alienari,

112 2614 216 2704 vendi,
243 2613 290 2683 vel
319 2613 524 2682 commutari.
581 2611 639 2682 Est
666 2613 851 2703 dicendum,
880 2613 966 2708 quod
993 2612 1077 2684 hona
1105 2612 1179 2684 llei-

112 2740 257 2836 publicae
285 2764 352 2810 non
381 2751 521 2835 possunt
538 2740 682 2829 alienari,
701 2740 755 2810 sel
784 2740 866 2811 bene
895 2752 1032 2836 possunt
1058 2742 1091 2811 iu
1113 2765 1179 2810 me·

112 2867 223 2939 liorem
245 2892 340 2938 nsum
355 2868 603 2957 commutariet
617 2866 684 2936 Deo
704 2868 814 2958 dicari,
832 2893 848 2937 a
869 2893 931 2963 quo
951 2869 1180 2964 recipiantur.“

53 2996 168 3068 XLIV.
187 2996 230 3065 «2.
257 2994 423 3085 „Videtor,
451 2995 534 3089 quod
555 2992 790 3066 Constantinus
818 3020 882 3065 non
911 2997 1052 3090 potuerit
1074 2995 1178 3091 Papae

111 3123 329 3194 immediatam
365 3121 680 3191 aeluriuistrationem
708 3121 838 3218 lmperii
875 3122 1070 3214 concedere,
1104 3124 1178 3219 quia

110 3250 198 3341 illud,
226 3249 309 3346 quod
325 3274 406 3344 nou
424 3260 531 3344 potest
550 3249 661 3343 recipi,
688 3273 754 3318 non
772 3261 878 3346 potest
906 3251 991 3340 dari,
1018 3251 1073 3321 sed
1093 3250 1176 3347 Papa

110 3389 142 3449 ct
169 3376 222 3449 alii
242 3377 450 3448 ecclesiastici
469 3377 528 3446 viri
549 3400 613 3447 nou
634 3389 772 3472 possunt
792 3379 936 3472 recipere
953 3379 1174 3449 immediatam

109 3504 423 3577 administrationem
442 3505 667 3600 temporalium
689 3559 696 3575 .
717 3558 724 3574 .
746 3561 752 3572 .
775 3560 781 3573 .
804 3559 810 3583 ,
830 3504 990 3600 Propheta
1009 3505 1108 3575 David
1129 3506 1174 3575 sie

108 3632 167 3702 ait:
185 3630 241 3723 „lu
260 3656 360 3702 rriarru
374 3644 436 3723 tua,
456 3632 606 3723 Domine,
622 3633 722 3703 virtus
736 3634 936 3727 acprotcntia,
952 3633 984 3703 in
1006 3657 1104 3712 manu
1122 3642 1173 3703 tua

109 3759 299 3854 magnitudo
328 3771 359 3830 et
385 3759 579 3856 imperinm,
616 3771 688 3830 tuae
721 3759 848 3830 divitiae
883 3769 1017 3830 suntet
1044 3769 1096 3830 tua
1128 3769 1176 3829 est

107 3886 220 3982 gloria,
246 3897 281 3957 tn
307 3886 488 3957 dominaris
517 3888 677 3958 omnium.
734 3887 805 3982 Ego
833 3898 940 3956 autem
969 3897 999 3956 et
1034 3885 1175 3981 populus

99 4038 204 4104 meos,
231 4015 307 4110 quid
336 4038 467 4105 sumus,
502 4024 536 4085 ut
562 4015 727 4110 possiruus
753 4015 856 4109 aliqua
885 4014 941 4085 tibi
976 4014 1176 4109 promittere,
1250 4047 1257 4059 ·

106 4142 153 4211 vel
183 4141 268 4232 dare,
295 4165 394 4237 quum
412 4153 464 4212 tua
492 4143 557 4212 siut
576 4142 707 4212 omnial
735 4141 797 4212 Sed
827 4141 904 4210 lrnec
931 4142 1011 4236 ipsa,
1038 4166 1118 4238 qliae
1135 4142 1174 4231 de
1230 4200 1236 4212 .
