2896 4876
472 313 680 370 EDITIONUM
698 314 834 370 sumus.
1124 317 1214 371 Lxrfl

99 489 228 555 alterum
277 507 356 573 opus
395 487 579 568 nominans,
620 487 652 551 in
692 507 730 553 eo
769 487 830 553 sibi
871 488 1074 572 contradicit,
1114 489 1209 572 quod,

97 620 187 681 quum
210 599 243 663 in
257 597 432 680 „Gatalogo
454 596 648 663 authornm“
671 603 820 662 nostrum
836 617 921 664 anno
937 603 1038 679 1320,
1050 599 1208 665 Johaunis

97 730 167 776 vero
204 709 245 774 de
277 707 408 775 Parisiis
440 714 609 777 tractatum
644 705 684 773 de
714 713 874 791 potestate
904 709 1005 792 Regia
1038 717 1070 775 et
1097 709 1210 793 Papali

97 840 177 886 anno
203 821 294 884 1322.
317 819 528 902 assignasset,
556 817 608 882 hio
636 818 827 883 eontrarium
853 824 981 884 tueatur
1009 819 1211 902 seutentiam,

97 930 142 996 his
163 929 288 996 verbis:
318 929 446 1010 „Quam
467 926 579 994 solidis
607 946 645 993 ae
667 926 765 993 firmis
786 929 963 995 rationibus
985 929 1151 1010 Parrisius,
1181 936 1213 995 et

98 1048 183 1124 post
205 1060 288 1106 eum
311 1041 445 1122 Dentes,
469 1088 477 1104 .
501 1088 509 1104 .
534 1087 540 1104 .
567 1038 797 1104 Thrasonieam
826 1038 1019 1123 pontifioum,
1048 1058 1084 1105 se
1105 1039 1211 1122 Impe-

98 1151 248 1216 ratoribus
287 1148 535 1233 praeferentium
572 1148 756 1232 superbiam
795 1148 989 1232 redarguit.“
1044 1148 1210 1215 Caeterum

100 1260 200 1326 eonfer
223 1260 264 1326 de
284 1260 346 1326 hae
368 1258 516 1340 editione,
541 1278 623 1340 quae
645 1258 784 1323 diximus
807 1280 838 1343 p.
861 1260 898 1325 V.
922 1259 976 1324 VI.

180 1517 269 1580 1609.
304 1513 527 1579 Souuunrnun
550 1513 668 1578 altera:

456 1681 634 1765 Syntagma
656 1687 845 1746 tractatuum

540 1792 590 1857 De
611 1790 769 1875 imperiali

468 1901 695 1977 iurisdietione‚
723 1902 833 1966 antho-

439 2012 532 2078 ritate
554 2019 586 2078 et
608 2012 861 2095 praeeminentia

415 2143 453 2189 ae
475 2129 634 2207 potestate
656 2121 888 2187 ecelesiastica:

354 2233 456 2317 deque
477 2233 603 2299 Iuribus
625 2232 728 2316 Regni
751 2239 782 2298 et
803 2233 951 2316 Imperii,

464 2344 641 2409 Authorum
664 2342 833 2424 variorum,

379 2455 432 2538 qui
455 2461 531 2520 ante
552 2460 692 2519 nostram
715 2459 854 2519 aetatem
876 2452 921 2516 vi·

314 2572 444 2631 xerunt:
474 2583 605 2646 quorum
629 2564 759 2629 nomina
781 2571 813 2629 et
834 2561 985 2646 temporis

102 2689 154 2754 qno
172 2679 366 2761 seripserunt
386 2675 592 2756 notationem,
608 2673 790 2756 (tatalogus,
805 2671 1124 2739 anteDedieatoriam
1135 2674 1209 2758 Epi-

422 2785 537 2850 stolam
561 2784 692 2868 positus,
715 2790 875 2850 reoenset:

375 2892 463 2979 Opus
484 2915 549 2960 non
572 2895 674 2960 solum
697 2893 777 2959 Iuris
799 2893 921 2976 peritis,

268 3012 270 3016 ’
292 3005 350 3072 sed
372 3012 404 3071 et
425 3004 583 3087 theologis
605 3023 643 3069 ao
665 3003 832 3087 historicis,
855 3004 1002 3086 adeoque

125 3115 221 3158 omnibus
235 3115 334 3158 veritatis
349 3114 454 3166 antiquae
468 3113 581 3163 studiosis,
598 3113 640 3156 troo
655 3113 785 3166 praesertim
800 3112 886 3163 secuto,
906 3113 965 3156 leem
981 3123 1007 3155 eo
1022 3113 1112 3166 cognitu
1127 3124 1178 3156 eum

390 3192 500 3277 primis
520 3193 599 3258 utile
621 3197 653 3257 et
675 3191 904 3257 necessarium:

370 3302 447 3369 Cum
469 3300 576 3367 indioe
597 3320 701 3367 rerum
723 3301 945 3368 memoranda·

511 3432 579 3476 rum
602 3413 785 3494 evulgatum

545 3523 748 3604 Argentorati

326 3632 507 3716 Sumptibns
529 3632 642 3697 Lazari
665 3632 810 3698 Zetzueri
832 3632 969 3715 Bibliop.

483 3743 577 3807 Anno
599 3742 641 3809 M.
665 3742 731 3809 DC.
753 3743 812 3808 lX.

203 3854 303 3920 Folio.
349 3851 437 3938 Opus
458 3860 600 3919 nostrum
623 3853 759 3918 habetur
779 3871 800 3917 a
822 3873 853 3936 p.
877 3855 926 3917 80.
950 3850 992 3916 ad
1018 3855 1086 3915 104.
