2896 4876
260 316 348 389 unus
643 315 851 384 nmmouuu
870 315 1005 371 suares.

352 517 441 577 1740.
475 512 684 578 G1unvmun:

767 623 882 689 Dantis

743 733 900 815 Aligberii

732 843 910 908 Florentini

726 953 921 1018 Monarobia.

667 1063 810 1146 [Signum
839 1067 975 1146 typogr.]

623 1173 777 1238 Coloniae
799 1173 1017 1256 Allobrogum,

506 1283 602 1367 Apud
624 1265 722 1349 Henr.
745 1283 866 1348 Albert.
890 1284 991 1349 Gosse
1014 1285 1041 1347 du
1064 1282 1135 1348 Soa.

727 1392 913 1457 MDCCXL.

260 1537 390 1621 Octavo,
414 1544 538 1617 constat
561 1539 688 1622 paginis
711 1542 760 1603 95.
806 1538 954 1605 Diximus
976 1536 1103 1620 quidem
1133 1557 1164 1620 p.
1194 1533 1247 1617 ul.
1282 1535 1382 1618 vulgo

260 1647 431 1732 perhiberi,
464 1648 548 1713 hano
580 1648 752 1714 editionem
789 1648 918 1712 nomine
951 1654 1075 1711 tantum
1108 1645 1284 1727 Ginevrae,
1323 1644 1382 1710 sed

259 1779 293 1824 re
327 1761 398 1842 ipsa
427 1758 570 1824 Venetiis
601 1759 704 1824 luuem
733 1758 872 1839 vidisse,
908 1756 1083 1822 notandum
1118 1764 1239 1840 tamen,
1275 1755 1381 1822 edito-

259 1889 326 1934 rem
349 1869 453 1952 operis
477 1867 674 1933 Vemaniani
707 1867 760 1950 (uf.
783 1890 814 1952 p.
837 1866 900 1952 L.),
924 1868 1008 1950 quod
1038 1867 1155 1950 prodiit
1176 1887 1261 1932 anno
1287 1871 1379 1952 1746,

258 1981 374 2043 librum
397 1979 487 2062 prelo
504 1978 679 2043 Cinevrino
700 1980 812 2048 merito
836 1978 975 2044 adsoribi
992 1977 1166 2061 judicasse.
1215 1979 1267 2043 Ita
1293 1980 1380 2044 enim

259 2091 290 2152 in
321 2087 536 2171 praefatione:
579 2089 730 2170 „Prodiit
765 2110 850 2154 anno
891 2094 970 2153 1740
994 2087 1147 2153 Coloniae
1168 2088 1380 2172 Allobrogum

259 2200 374 2264 Dantis
401 2198 558 2280 Aligberii
588 2199 707 2263 Poetae
735 2199 911 2264 Florentini
945 2201 994 2264 De
1024 2198 1209 2263 llonarohia
1237 2184 1380 2283 Opusou·

257 2311 333 2391 lum,
367 2308 451 2392 quod
474 2316 618 2392 tempore
640 2309 793 2374 Ludovioi
816 2309 932 2374 Bavari
959 2310 1086 2392 seripsit
1117 2309 1272 2374 adversus
1293 2312 1381 2395 Apo·

159 2496 162 2507 ¹
257 2420 401 2486 stolidam
431 2419 563 2502 Sedem,
597 2425 687 2483 aestu
724 2420 821 2484 animi
854 2439 934 2485 sane
966 2420 1172 2503 perturbati.
1197 2427 1292 2484 ..et
1321 2442 1379 2504 pro

258 2550 345 2596 more
366 2529 453 2594 illius
474 2529 580 2593 Seouli
603 2531 688 2612 stylo
710 2531 808 2610 plane
830 2531 976 2612 barbaro,
1000 2549 1038 2594 ae
1060 2530 1225 2593 lutulento.
1263 2529 1379 2597 Novae

256 2642 343 2706 illius
376 2639 526 2705 editionis
557 2639 723 2703 eonsilium
753 2646 785 2705 et
813 2660 942 2706 oausam
965 2640 991 2704 si
1014 2659 1163 2723 quaeras,
1187 2658 1227 2703 ex
1250 2639 1379 2706 olfieina

256 2753 327 2834 ipsa
349 2749 433 2815 unde
455 2750 551 2814 Liber
573 2751 711 2830 emersit,
740 2750 835 2816 faoile
855 2749 1125 2833 interpretaberis
1170 2751 1380 2842 Exemplaria

256 2862 332 2926 iude
354 2863 447 2945 plura
467 2861 501 2923 iu
524 2860 649 2924 Italiam
671 2867 868 2940 transvecta,
900 2868 932 2926 et
954 2880 1192 2942 quaquaversus
1209 2881 1324 2944 sparsa
1347 2869 1378 2927 et

257 2972 417 3051 distracta,
440 2969 686 3053 avidissimeque
707 2992 728 3036 a
749 2972 914 3036 nonnullis
936 2979 1070 3054 excepta
1092 2970 1187 3036 sunt“
1213 2977 1272 3036 ete.

345 3109 434 3171 1758.
467 3107 602 3170 Zuurnn
631 3105 735 3187 prima
764 3104 877 3183 editio,
911 3107 945 3170 in
974 3107 1116 3172 secunda
1143 3115 1234 3190 parte
1271 3110 1375 3190 quarti

256 3217 427 3281 volumInis
456 3214 594 3298 Operum
624 3215 752 3297 Dantis,
792 3215 877 3298 quod
910 3216 1029 3299 prodiit
1051 3217 1193 3282 Venetiis
1224 3221 1305 3282 1758
1342 3220 1376 3283 in

255 3328 356 3391 forma
384 3325 637 3409 quadruplicata.
688 3325 795 3389 Editio
819 3326 999 3391 LXXXIV.
1029 3326 1171 3411 paginis,
1202 3329 1375 3410 separatim

255 3435 444 3518 numeratis,
468 3441 627 3518 constans,
658 3435 769 3505 ordine
791 3435 919 3518 quidem
942 3443 991 3503 est
1013 3437 1157 3520 septima,
1182 3437 1249 3518 sed,
1274 3440 1375 3504 altero

256 3554 328 3631 post
345 3546 520 3630 prinoipem
540 3546 667 3610 saeculo
681 3545 749 3627 jam
765 3545 831 3611 iere
844 3549 1073 3631 praeterlapso‚
1098 3546 1200 3629 prima
1222 3550 1374 3629 omnium,

255 3677 337 3738 quae
366 3658 399 3720 iu
422 3655 517 3719 ltalia
545 3657 648 3720 luoem
671 3655 834 3736 viderunt,
865 3657 918 3721 vel
940 3664 1025 3722 uerte
1047 3657 1193 3722 Italieam
1216 3659 1372 3741 originem

256 3766 450 3850 profitentur.
494 3764 666 3860 Praefatio,
693 3766 720 3830 si
742 3766 934 3832 leviusoulas
957 3768 1157 3848 mutationes,
1187 3767 1281 3834 finem
1305 3790 1373 3835 ver-

255 3897 308 3942 sus
329 3877 445 3953 faetus,
474 3876 652 3957 exceperis,
682 3876 795 3940 eadem
824 3884 872 3942 est
901 3897 983 3960 quae
1004 3879 1216 3960 praemittitur
1239 3879 1373 3944 editioni

256 3987 460 4063 Ginevrinae.

340 4095 456 4160 Confer
483 4116 565 4177 quae
594 4096 635 4162 de
663 4097 746 4161 euris
768 4097 896 4178 Zattae,
927 4099 960 4162 in
989 4099 1072 4163 bano
1101 4098 1275 4166 editionem
1301 4121 1372 4165 eon·

255 4206 355 4271 versis
379 4204 516 4272 diximus
539 4229 569 4290 p.
594 4207 664 4271 VII.
689 4214 720 4272 et
744 4207 830 4270 VIII.
