2910 4876
360 301 495 355 DANTIS
512 299 732 355 MONAROHIA
749 301 797 353 Ill.
817 303 846 357 C.
865 307 888 354 5.
909 307 932 356 6.
1151 300 1209 361 105

91 473 183 557 quarn
214 472 263 538 sui
285 472 571 558 Arobipresbyteri.
621 471 663 535 Et
691 472 737 538 sio
764 473 916 538 instantia
951 472 1076 539 videtur
1105 494 1210 540 errare

89 574 262 642 secundum
284 596 347 641 non
370 595 498 640 eausam
520 580 555 638 ut
578 594 682 640 eausa.
1228 579 1260 630 25

551 792 674 881 [sarna
696 799 751 872 vn]

174 951 225 1015 De
248 950 341 1014 litera
357 969 432 1015 vero
454 947 548 1031 primi
571 948 644 1012 libri
659 947 807 1027 Regum
824 945 995 1011 adsumunt
1011 948 1108 1013 etiam
1124 968 1209 1014 crea

87 1054 208 1120 tionem
230 1056 262 1116 et
285 1049 517 1133 depositionem
541 1049 691 1115 Saulis:
724 1052 756 1111 et
779 1046 903 1131 dieunt,
927 1047 1013 1129 quod
1037 1047 1130 1131 Saul,
1153 1070 1211 1115 rex

88 1153 333 1234 inthronizatus,
356 1152 415 1216 fuit
438 1151 601 1236 depositus
623 1171 681 1235 per
705 1148 946 1234 Samuelem,
978 1151 1032 1232 qui
1054 1151 1125 1217 vioe
1146 1151 1209 1216 Dei

89 1255 130 1322 de
151 1257 324 1340 praecepto
347 1252 550 1336 fungebatur3
575 1257 609 1316 ut
630 1252 664 1317 in
685 1251 779 1315 litera
800 1256 895 1334 patet.
940 1252 983 1316 Et
1012 1273 1053 1318 ex
1079 1253 1140 1318 hee
1161 1273 1210 1316 ar-

87 1362 202 1439 guunt,
235 1352 321 1436 quod
351 1353 616 1434 quemadmodum
646 1354 702 1418 ille
731 1353 793 1418 Dei
821 1352 959 1419 vicarius
988 1354 1244 1420 austeritatems

89 1457 202 1522 habuit
234 1455 331 1519 dandi
364 1462 396 1520 et
423 1455 558 1522 tollendi
590 1455 733 1537 regimen
765 1456 957 1539 temporale,
987 1461 1018 1521 et
1048 1456 1082 1519 in
1113 1457 1212 1521 alium

87 1556 314 1624 transferendi:
337 1557 383 1621 sie
404 1562 437 1622 et
458 1577 541 1622 nune
562 1558 623 1623 Dei
646 1556 799 1639 vicarius,
833 1557 997 1622 Ecclesiae
1023 1558 1212 1625 universalis

89 1659 232 1742 antistes,
257 1658 478 1723 auctoritatem
493 1658 590 1724 habet
613 1657 710 1724 dandi
726 1664 758 1725 et
779 1657 924 1740 tollendi,
948 1663 981 1723 et
995 1659 1093 1724 etiam
1110 1664 1209 1726 trans-

88 1760 213 1826 ferendi
236 1764 394 1843 sceptrum
416 1759 578 1839 regiminis
606 1760 800 1844 temporalis,
844 1760 894 1824 Ex
924 1779 986 1841 quo
1017 1760 1084 1829 sine
1113 1760 1211 1829 dubio

90 1865 290 1943 sequeretur,
322 1859 407 1942 quod
435 1860 607 1925 auotoritas
635 1860 765 1943 Imperii
794 1854 1004 1945 dependeret,
1034 1863 1261 1931 utdiount.1o

159 1962 216 2054 ,nt
243 1960 286 2025 ad
314 1963 375 2028 hoo
404 1960 587 2043 dioendum,
620 1982 678 2045 per
710 1962 987 2046 interemptionem
1022 1964 1091 2048 ejus
1126 1965 1211 2046 quod

91 2064 199 2129 dieunt
229 2061 411 2129 Samuelem
433 2063 495 2128 Dei
524 2062 692 2146 vinarium,
723 2063 799 2144 quia
827 2084 890 2129 non
912 2068 947 2128 ut
969 2064 1123 2149 vicarius,
1153 2065 1211 2132 sed

89 2171 125 2231 ut
146 2166 271 2245 legatus
284 2164 441 2250 specialis
465 2163 507 2228 ad
530 2165 598 2247 hoe,
622 2165 690 2230 sive
708 2165 850 2248 nuncius,
872 2170 1003 2250 portans
1025 2167 1211 2233 mandatum

118 2384 189 2435 ²⁵F.
209 2399 264 2437 non
283 2399 393 2438 censam
412 2389 569 2437 etecusam
593 2412 626 2422 ·-
746 2381 908 2452 dependeret
944 2414 973 2421 -
1010 2383 1135 2439 Fieinus:
1164 2385 1212 2440 ebe

158 2467 191 2520 H.
211 2484 266 2522 aon
285 2484 368 2522 caasa
385 2473 416 2520 at
434 2483 517 2522 cereso
745 2466 820 2520 detio
837 2465 932 2521 Cbr‘esc
943 2467 1101 2539 dependessc
1118 2469 1213 2525 tcuto-

92 2551 156 2622 Cap.
173 2553 219 2606 VI.
259 2555 266 2586 ¹
286 2553 319 2606 Η.
338 2553 379 2607 De
398 2553 477 2607 litera
491 2553 579 2623 primi
745 2552 800 2606 re‘td
817 2551 888 2605 dello
906 2550 1040 2622 Imperio,
1067 2568 1158 2620 quem,
1184 2555 1214 2610 ni

134 2639 192 2691 2Ρ.
212 2640 292 2693 etiam
311 2643 460 2692 nectorem
745 2635 833 2700 fallor,
852 2640 991 2704 sequutus,
1018 2636 1138 2702 Turrim,
1157 2655 1212 2693 om-

135 2721 230 2775 ³Edd.
250 2721 451 2776 inthronizatus
467 2723 532 2792 fnit,
552 2727 577 2774 et
594 2721 627 2776 de
746 2722 821 2774 nium
847 2737 917 2775 unus
944 2726 1014 2775 auct.
1039 2720 1155 2794 Imperii
1179 2725 1213 2779 cb

159 2806 257 2862 tbrorro
275 2806 421 2878 depositas.
447 2806 535 2861 Voces
554 2806 627 2861 etde
747 2805 871 2861 Ecclesia
889 2805 1060 2877 dependeret.

159 2891 257 2946 tbroreo
274 2907 324 2945 nee
342 2891 453 2945 Fieinus
472 2891 575 2947 habuit.
708 2892 728 2922 ¹¹
746 2890 778 2944 V.
798 2891 841 2944 Ad
857 2889 909 2944 boe
926 2891 1069 2945 dicendam

134 2979 145 3010 ⁶
161 2978 194 3030 F.
211 2993 325 3048 reperere
344 2976 493 3046 temporale
763 2975 800 3028 M.
818 2975 961 3029 dicendam
979 2977 1059 3029 etiam
1081 2979 1157 3047 qaod
1173 2981 1214 3034 ιἰι-

133 3064 143 3096 ⁷
161 3063 194 3117 L.
205 3061 344 3116 Ecclesiae
351 3059 537 3114 demitis-P.
552 3059 626 3114 Ecel.
748 3061 966 3131 terpretctiorrem
984 3061 1046 3131 ejus
1062 3092 1096 3099 —
1111 3064 1143 3116 A.
1162 3064 1213 3120 die.

159 3147 246 3206 ullas,
287 3144 498 3200 abbreviationis
543 3143 626 3211 signis
743 3160 797 3214 per
814 3146 1039 3216 irreceptionem
1058 3149 1127 3218 ejus.

159 3231 265 3298 utrique
283 3247 301 3283 ιι
320 3228 505 3299 superpositis.
708 3229 728 3260 ¹³
746 3230 779 3282 A.
798 3229 828 3282 L.
847 3229 884 3282 M.
903 3231 933 3284 P.
959 3239 989 3284 et
1010 3231 1117 3303 deputas
1133 3235 1214 3305 spiri-

137 3316 146 3348 Β
164 3320 189 3370 et
207 3314 319 3369 tollendi
332 3319 389 3368 'non
400 3314 534 3368 habentur
551 3313 579 3367 in
593 3312 624 3367 F.
747 3314 828 3368 taalis

120 3401 142 3432 ¹⁰
159 3400 190 3452 F.
209 3400 239 3453 P.
260 3399 334 3468 qaod
357 3401 507 3454 auctoritas
526 3397 628 3453 Christi

159 3601 200 3657 Da
223 3599 302 3656 .v1.
338 3601 387 3654 ³1.
412 3602 535 3657 Sinone.
560 3601 673 3666 (Cathol.
698 3602 718 3654 Ι.
739 3600 851 3666 Rasum)
876 3601 989 3670 rapx.
1014 3619 1037 3654 v.
1062 3605 1089 3653 1:
1123 3601 1214 3666 ,‚Tulit

90 3675 181 3724 autem
199 3616 307 3723 damnet
323 3669 477 3724 lenticulam
495 3668 561 3734 olei,
580 3675 607 3723 et
625 3669 717 3724 effudit
736 3686 818 3738 super
836 3674 918 3737 caput
936 3670 1009 3737 ejus,
1028 3672 1056 3723 et
1073 3667 1213 3723 deoseula-

90 3744 134 3792 tus
153 3741 195 3792 est
212 3753 288 3797 eum.
308 3743 335 3791 et
352 3738 401 3791 ait:
431 3738 518 3804 Eece,
544 3738 621 3790 unxit
643 3745 669 3792 te
687 3738 819 3791 Dominus
846 3752 927 3816 super
944 3737 1119 3790 hereditatem
1137 3754 1213 3792 suam

90 3806 119 3859 in
136 3806 297 3875 principem,
323 3811 350 3860 et
374 3806 502 3860 liberabis
520 3807 649 3875 populum
674 3822 752 3859 suum
770 3805 802 3858 de
819 3805 942 3858 manrbue
959 3804 1127 3858 inimicorum
1145 3805 1211 3873 ejus.

90 3874 128 3927 Et
149 3874 202 3928 hoe
226 3873 276 3926 tibi
294 3873 409 3942 signum,
429 3875 491 3942 quia
508 3873 587 3926 unxit
604 3879 631 3927 te
647 3874 721 3927 Deus
747 3875 774 3926 in
792 3872 968 3942 principem.“
1055 3873 1066 3904 ⁴
1083 3872 1214 3927 ibidem

93 3958 151 4012 cap.
170 3941 228 3994 XV.
247 3959 268 3994 v.
281 3946 320 3994 23.
340 3942 386 4007 (Et
404 3943 443 3996 ait
460 3942 593 4004 Samuel):
613 3942 684 4008 „Pro
703 3957 734 3995 eo
754 3957 816 4009 ergo
835 3940 904 4008 quod
923 3940 1048 4021 abiecisti
1065 3956 1214 3996 sermonem

92 4011 208 4075 Domini,
227 4009 327 4078 abjecit
344 4015 370 4064 te
389 4011 520 4064 Dominus
538 4025 571 4062 ne
590 4010 627 4064 eis
644 4014 719 4065 rex.“
738 4020 812 4062 —'v.
832 4014 873 4062 28.
903 4008 1004 4073 „Se1dit
1021 4008 1152 4063 Dominus
1170 4025 1212 4064 re·

90 4094 170 4146 gnum
188 4079 274 4131 Israel
292 4093 308 4130 a
325 4082 353 4132 te
370 4078 449 4132 bodie
468 4085 494 4131 et
511 4077 624 4132 tradidit
641 4077 706 4131 illud
724 4077 845 4147 proximo
864 4083 920 4141 tuo,
939 4076 1042 4130 meliori
1059 4080 1112 4130 te.“

94 4149 115 4180 ¹²
133 4147 234 4215 „quia“
260 4152 322 4207 (non
350 4152 380 4199 ut
403 4146 528 4209 vicarius)
552 4162 625 4200 more
648 4147 773 4214 vulgatae
796 4145 945 4199 Bibliorum
963 4144 1092 4198 versionis
1110 4145 1168 4212 hie,
1187 4151 1214 4201 et

92 4216 157 4268 alibi
175 4214 326 4279 multoties,
345 4231 395 4284 pro
414 4214 505 4281 quod
523 4213 624 4268 dietum
642 4229 717 4279 esse,
736 4213 779 4267 vix
797 4230 866 4283 opus
885 4216 927 4268 est
944 4219 973 4265 ut
990 4228 1153 4269 moneamus.
