2896 4876
501 351 779 408 vnoteaonerm.
1035 413 1042 422 ,
1118 348 1207 403 xmx

90 539 181 602 talam
224 529 388 600 Fortunae
432 528 546 600 faciem
588 524 842 622 portendebant,
889 523 1115 598 Brixianorum
1156 548 1207 595 re·

88 657 199 748 bellio,
234 638 502 726 Florentinorum
537 653 760 743 contumacia,
783 660 912 747 apertae
938 650 1071 724 Roberti
1099 651 1206 722 Ande·

87 784 235 879 gavensis
268 781 474 871 inimicitiae,
506 779 540 850 in
566 788 720 851 aestatem
748 779 825 850 anni
856 777 948 850 1311
980 780 1144 871 incidunt,
1176 789 1207 850 et

87 936 127 983 ne
145 922 225 982 tunc
244 908 374 1005 quidem
393 917 481 980 recte
500 907 563 979 dici
590 916 731 1002 poterat,
758 929 899 977 omnes
923 904 1031 978 ltaliae
1058 906 1207 1003 populos,

86 1037 248 1127 civitates,
280 1059 374 1129 reges
400 1045 430 1106 et
458 1035 620 1131 principes
647 1035 680 1105 in
707 1057 747 1105 eo
775 1033 972 1106 concordare
1001 1043 1035 1104 ut
1061 1033 1207 1104 adversa·

86 1175 200 1237 rentur
226 1163 375 1235 Romano
409 1162 558 1259 principi.
610 1160 718 1232 Etiam
754 1161 806 1232 lric
841 1160 955 1254 igitur,
986 1183 1066 1257 quae
1096 1169 1207 1230 contra

88 1316 146 1363 nos
174 1291 267 1362 aliert
293 1290 501 1362 doctissimus
527 1288 738 1378 adversarius,
757 1288 788 1360 id
815 1288 923 1384 potius
949 1287 1079 1359 efficere
1106 1286 1209 1357 credi·

88 1418 203 1509 derim,
231 1429 266 1488 ut
293 1426 435 1488 nostram
465 1417 657 1488 sententiam
687 1415 893 1490 confirment.

189 1543 395 1616 Novissimus
422 1568 556 1635 eorum,
593 1543 646 1640 qui
674 1553 709 1615 ut
735 1567 795 1614 nos
824 1543 1054 1639 impugnarent
1080 1541 1113 1612 in
1140 1564 1209 1612 are·

89 1695 161 1742 nam
193 1670 442 1761 descenderunt,
469 1679 518 1742 est
542 1671 751 1743 Hermannus
778 1670 1109 1761 orurcnswnneuffr)
1137 1666 1211 1740 Col·

90 1797 161 1892 legii
198 1795 459 1869 Gebwileriensis
493 1797 652 1871 Director.
712 1799 793 1872 Novi
833 1808 941 1868 tamen
977 1796 1070 1893 quid,
1108 1805 1140 1867 et
1176 1796 1209 1867 in

87 1924 281 2020 supradictis
316 1949 334 1995 a
370 1948 423 1995 me
460 1928 745 2020 praetermissum,
782 1925 886 1996 virum
922 1923 1053 1995 doctum
1088 1921 1154 2018 jam
1192 1948 1209 1994 a

90 2050 235 2145 Wegelio
262 2051 398 2147 aliisque
424 2053 528 2124 allatis
554 2054 734 2144 addidisse,
759 2077 824 2125 non
852 2052 955 2123 video.

190 2177 427 2250 Gravissimum
444 2192 531 2251 certe
559 2182 718 2272 omnium,
738 2205 818 2276 quae
845 2189 956 2251 contra
976 2200 1036 2249 nos
1064 2200 1210 2273 pugnare

89 2306 253 2397 videntur,
289 2318 338 2377 est
374 2317 623 2401 argumentum,
660 2307 744 2403 quod
779 2309 848 2404 ipse
882 2306 1008 2402 primus
1035 2304 1068 2374 in
1103 2305 1209 2375 lucem

90 2435 247 2529 protraxi,
273 2444 304 2504 et
331 2458 395 2529 quo
424 2437 590 2509 neminem
618 2436 875 2507 adversariorum
904 2457 999 2505 usum
1027 2455 1110 2522 esse,
1136 2456 1211 2528 pro·

91 2561 171 2632 lecto
200 2561 320 2632 miror:
349 2562 455 2632 citatio
481 2562 614 2659 inquam
631 2562 784 2655 Paradisi,
811 2586 908 2658 qnam
935 2558 1045 2633 librol
1072 2583 1141 2654 cap.
1167 2559 1209 2631 12

90 2696 192 2759 textus
228 2688 316 2758 latini
350 2688 479 2760 codices
514 2689 580 2760 lere
614 2714 746 2780 omnes,
781 2698 813 2760 et
838 2686 998 2760 versionis
1024 2686 1211 2758 Ficinianae

89 2815 274 2911 complures
298 2810 524 2913 'extiterunt
576 2816 747 2909 Rationes,
781 2841 862 2913 quae
890 2840 942 2887 me
968 2814 1001 2886 in
1030 2814 1079 2885 his
1105 2811 1211 2886 verbis

90 2943 250 3035 glossema
288 2942 531 3037 deprehendere
571 2945 702 3036 faciunt,
734 2944 889 3040 leguntur
924 2944 958 3014 in
991 2942 1211 3013 adnotatione.

90 3069 152 3153 llui
170 3068 371 3141 contrarium
390 3069 498 3160 sentit,
514 3071 697 3143 necessario
715 3070 922 3142 Monarchiae
940 3070 1211 3166 compositionem

92 3195 123 3265 in
147 3195 281 3267 ultimos
308 3197 443 3271 omnino
472 3197 553 3268 vitae
571 3197 684 3268 Dentis
711 3221 816 3269 annos
842 3195 975 3291 rejicere
1002 3196 1108 3288 debet,
1126 3197 1211 3292 quod

93 3321 160 3393 lteri
190 3346 255 3393 non
284 3346 391 3418 posse,
419 3323 513 3396 lrodie
543 3348 658 3396 omnes
688 3325 906 3396 consentiunt.

193 3449 326 3520 Nullum
355 3449 612 3523 adversariorum
640 3464 871 3545 argumentum
898 3477 915 3523 a
944 3469 996 3523 me
1027 3451 1210 3546 neglectum

95 3596 161 3646 esse
189 3598 342 3671 sperans,
376 3578 455 3649 nihil
485 3579 586 3651 habeo
614 3580 699 3675 quod
727 3579 861 3671 addam,
894 3578 1211 3673 controversiamque

97 3702 294 3773 confidenter
321 3703 491 3779 doctorum
515 3705 636 3800 judicio
664 3706 831 3779 submitto.

144 3867 412 3938 POSTERIORA
434 3873 656 3942 LIBRORUM
678 3875 737 3940 DE
760 3871 1014 3941 MONAROHIA
1036 3868 1158 3935 FATA.

192 3989 315 4062 Eorum
345 3995 399 4090 qui
426 3996 525 4068 libros
552 3997 592 4067 de
610 3995 794 4066 Monarchia
822 3994 1054 4084 meminerunt,
1079 3990 1213 4088 primus,

178 4167 206 4229 ¹⁸)
227 4161 377 4229 Collegium
396 4161 423 4216 11
442 4136 603 4216 Gebweiler.
639 4158 842 4215 Jahresbericht
858 4158 904 4219 Nr.
924 4162 947 4211 2.
978 4161 1050 4212 1873.

91 4241 93 4248 ⁴
177 4250 208 4313 ⁴⁹)
228 4247 268 4302 ct.
286 4262 368 4316 supra
385 4262 411 4316 p.
430 4247 477 4301 IV.
495 4247 567 4301 Nota
584 4247 604 4299 l.
994 4326 1012 4380 d
