2910 4876
410 317 545 373 DANTIS
563 310 781 374 MOMARCHIA
798 319 845 375 111.
864 319 892 374 O.
912 325 936 378 8.
1173 320 1230 379 111

97 489 223 574 ligare.
267 489 361 568 Unde
383 489 534 573 inierunt,
564 490 783 558 auctoritatem
813 496 844 556 et
870 490 999 558 decreta
1021 490 1148 577 Imperii
1171 493 1282 559 sol-15

102 612 187 660 uere
209 596 242 659 et
262 591 363 673 ligare
384 591 488 676 ipsum
510 611 614 676 posse.

196 693 350 759 Minorem
373 692 531 777 ooneedo9
561 692 716 778 majorem
739 715 815 761 vero
843 715 906 761 non
928 695 997 760 sine
1020 694 1231 762 distinetione.

108 794 154 862 Mt
181 796 256 862 ideo
286 794 372 878 dieo,
402 793 488 875 quod
515 794 577 860 hoo
604 795 728 876 signum
757 797 937 863 universale
965 794 1116 880 ,‚0mne“,
1147 795 1233 879 quod

109 897 284 964 includitur
304 897 337 961 in
355 895 625 982 ‚‚quodoumque“‚
648 897 820 980 numquam
834 898 996 964 distribuit
1018 904 1110 964 extra
1131 897 1231 963 ambi-

113 1005 179 1066 tum
201 998 327 1066 termini
350 997 520 1064 distributi.
556 999 640 1064 Nam
662 999 690 1065 si
713 998 799 1067 dieo:
821 1000 922 1067 Omne
945 1000 1095 1065 animal
1119 999 1228 1083 omniu
1248 1009 1280 1059 ro

115 1123 223 1169 omne
252 1100 412 1166 distribuit
439 1121 497 1184 pro
531 1102 616 1166 omni
645 1123 698 1185 eo,
736 1102 822 1184 quod
850 1102 908 1168 sub
942 1121 1056 1183 genere
1084 1099 1231 1165 animalis

114 1201 397 1288 comprehenditur.
450 1202 484 1268 Si
513 1224 588 1270 vero
617 1202 704 1271 dieo:
737 1204 848 1271 Omnis
877 1205 990 1270 homo
1020 1203 1128 1287 ourrit;
1157 1206 1232 1268 tuno

114 1305 236 1388 signum
265 1303 445 1370 universale
472 1324 536 1369 non
565 1303 740 1390 distribuit,
773 1306 834 1371 nisi
862 1326 919 1389 pro
942 1304 1114 1390 suppositis
1136 1304 1231 1388 hujus

113 1408 251 1473 termini:
274 1407 378 1472 homo.
415 1406 457 1469 nt
478 1424 574 1486 quum
590 1407 676 1474 dieo:
699 1408 810 1475 Omnis
832 1407 1133 1490 grammaticum
1157 1410 1231 1471 tuno

114 1508 291 1574 distributio
313 1506 415 1587 magis
442 1512 626 1575 coaretatur.
1248 1521 1280 1571 25

196 1611 331 1692 Propter
346 1607 432 1689 quod
446 1628 572 1694 semper
587 1610 759 1677 videndum
776 1615 832 1695 est,
850 1609 926 1692 quid
941 1615 990 1678 est
1005 1611 1091 1692 quod
1106 1611 1230 1694 signum

113 1713 289 1779 universale
304 1711 403 1777 habet
418 1711 624 1778 distribuere:
648 1732 709 1793 quo
732 1712 811 1796 riso,
834 1712 928 1779 iaeile
947 1713 1115 1798 apparebit
1132 1732 1229 1794 quan-

113 1820 179 1880 tum
200 1833 259 1878 sua
282 1811 462 1879 distributio
486 1812 652 1897 dilatetur,
683 1814 810 1896 cognita
837 1818 951 1878 natura
973 1821 1005 1879 et
1026 1814 1148 1880 ambitu
1170 1821 1229 1880 ter-

113 1914 188 1979 mini
204 1913 371 1980 distributi.
410 1915 503 1981 Unde
520 1936 616 1997 quum
632 1915 755 1999 dieitur,
777 1915 1026 1999 „Quodcumque
1041 1916 1228 2000 ligaveris“;

113 2017 138 2082 si
159 2016 220 2082 hoo
242 2014 504 2099 ‚‚quodcumque“
527 2022 702 2084 sumeretur
723 2018 879 2101 absolute,
903 2038 1014 2083 verum
1036 2022 1121 2085 esset
1143 2017 1229 2099 quod
1247 2034 1279 2084 30

113 2117 227 2200 dieunt,
250 2120 282 2181 et
303 2137 365 2181 non
388 2118 490 2183 solum
512 2120 572 2186 hoo
593 2120 698 2185 faeere
720 2122 844 2204 posset,
874 2119 950 2200 quin
980 2119 1076 2186 etiam
1105 2121 1230 2187 solvere

113 2238 242 2284 uxorem
264 2238 284 2281 a
306 2218 389 2302 viro,
414 2225 445 2285 et
467 2220 567 2301 ligare
589 2221 693 2306 ipsam
716 2220 824 2303 alteri,
852 2219 980 2287 vivente
1002 2221 1120 2305 primo,
1144 2221 1231 2302 quod

113 2321 197 2386 nullo
220 2319 314 2386 modo
337 2325 451 2405 potest.
496 2322 609 2388 Posset
631 2323 729 2388 etiam
750 2322 874 2387 solvere
903 2341 953 2399 me
981 2341 1045 2385 non
1066 2321 1228 2405 poeniten·

113 2425 190 2505 tem,
214 2420 299 2502 quod
320 2422 417 2488 etiam
438 2423 543 2489 faeere
564 2423 635 2507 ipse
658 2423 745 2489 Deus
767 2444 830 2489 non
851 2427 968 2507 posset.

195 2524 298 2603 Quum
320 2541 396 2605 ergo
419 2524 464 2588 ita
486 2525 543 2608 sit,
572 2525 775 2591 manifestum
798 2528 861 2607 est,
892 2524 977 2605 quod
998 2545 1061 2590 non
1082 2523 1228 2591 absolute
1246 2543 1277 2593 35

113 2626 264 2692 sumenda
285 2629 335 2689 est
356 2625 414 2689 illa
437 2624 628 2710 distributio,
652 2627 710 2692 sed
723 2625 900 2712 respective
915 2626 957 2690 ad
980 2625 1110 2706 aliquid.
1145 2624 1229 2705 Quid

113 2731 217 2792 autern
238 2727 296 2791 illa
318 2728 483 2812 respiciat,
508 2728 585 2794 setis
608 2735 656 2794 est
678 2727 819 2811 euidens²
843 2727 1042 2794 considerato
1063 2727 1120 2793 illo
1144 2727 1230 2810 quod

140 2878 161 2910 ¹³
178 2878 209 2930 A.
229 2878 377 2933 includitur
396 2879 424 2931 r‘rt
442 2894 611 2948 quorumque
763 2878 838 2932 hibet
855 2877 899 2943 V.)
921 2878 1110 2948 quodcumque
1136 2909 1170 2918 -
1196 2878 1229 2932 L.

194 2962 225 3015 F.
245 2964 275 3017 P.
294 2965 327 3018 M.
350 2968 376 3017 et
393 2963 468 3017 editt.
496 2963 643 3017 anteriores
763 2965 789 3016 si
804 2963 874 3017 illud
890 2963 987 3032 quode.
1007 2994 1041 3001 -w
1063 2964 1097 3017 H.
1116 2964 1142 3018 si
1157 2964 1231 3018 istud

176 3051 258 3101 eoetra
275 3046 394 3103 barbitum
414 3050 522 3102 termini
764 3048 859 3116 quode.
877 3079 911 3086 -
928 3048 966 3104 M.
984 3049 1010 3101 ri
1026 3048 1065 3103 tbi
1081 3048 1178 3118 quode.

134 3135 156 3168 ²¹
174 3132 204 3184 P.
223 3133 272 3188 rub
289 3149 389 3203 ponere
406 3134 509 3187 animal
532 3164 551 3171 -
573 3132 641 3187 Edd.
722 3132 745 3164 ³²
762 3132 796 3185 H.
820 3134 927 3203 primo,
955 3137 1027 3187 certe
1054 3133 1129 3203 qood
1153 3133 1231 3188 nullo

176 3219 245 3270 mole
262 3217 311 3272 rub
329 3235 389 3288 perr.
408 3217 522 3272 animal·
759 3217 838 3271 modo

136 3302 159 3335 ³²
175 3301 207 3354 F.
226 3302 255 3355 P.
275 3301 477 3373 comprehendit
721 3302 744 3334 ³³
762 3303 790 3355 P.
810 3319 852 3356 me
869 3303 973 3358 solvere
990 3304 1190 3374 impendentem

135 3388 159 3420 ²⁰
176 3387 209 3439 A.
228 3387 266 3440 Μ.
285 3387 427 3441 videndum
445 3395 497 3451 est,
525 3385 592 3455 quid
607 3387 642 3439 ri·
722 3387 745 3419 ³³
763 3389 796 3440 A.
816 3389 881 3458 quio
899 3389 980 3441 etiam
997 3389 1094 3456 facere

176 3487 260 3544 quum
277 3503 311 3510 —
328 3473 360 3525 F.
379 3473 430 3526 vid.
449 3479 496 3538 est,
517 3471 591 3540 quod
607 3472 643 3524 εἰ·
720 3472 744 3504 ³³
760 3472 792 3525 F.
812 3489 867 3527 noo
885 3474 924 3526 ita
941 3472 1062 3527 absolute
1290 3516 1293 3522 .

175 3572 259 3626 quum
273 3556 349 3610 -L.
369 3557 418 3611 uid⁴
438 3562 478 3610 ert
496 3556 644 3626 quodquod
720 3559 744 3591 ³³
763 3559 796 3611 A.
813 3558 845 3611 P.
864 3558 896 3610 L.
914 3556 952 3609 M.
976 3555 1057 3620 Quod
1072 3560 1162 3610 eutem
1180 3555 1227 3610 illo

174 3643 246 3712 ripn.
273 3671 301 3679 -
333 3641 363 3694 P.
382 3641 435 3695 oid.
454 3649 494 3694 est
512 3640 586 3710 quod
602 3645 642 3694 ert
721 3643 743 3675 ³⁷
760 3642 793 3694 A.
811 3642 844 3695 V.
864 3640 1034 3697 eorrstderoto
1053 3639 1122 3694 illud
1149 3672 1172 3680 -
1193 3640 1225 3694 F.

176 3725 252 3795 quod
267 3731 337 3796 ripn.
761 3727 792 3780 L.
812 3727 842 3779 P.
862 3725 1044 3780 consideratio
1062 3725 1132 3779 illud
1138 3754 1173 3763 —
1186 3724 1225 3778 M.

134 3812 166 3876 ²³,
186 3812 209 3844 ³⁰
233 3812 264 3864 A.
284 3810 315 3864 F.
334 3811 365 3863 P.
389 3812 415 3864 rr'
438 3811 464 3864 li.
484 3810 511 3874 (i.
531 3824 553 3863 e.
572 3809 641 3880 tipo·
761 3811 958 3866 eonrr'derando
976 3810 1044 3865 illua

175 3896 246 3949 ueris
272 3889 343 3964 quod
367 3894 454 3964 plenis
480 3894 565 3949 literis
595 3911 640 3948 ex-

177 4015 201 4047 ³³
219 4013 259 4067 Cf.
277 4013 418 4067 Auoronrs
436 4012 573 4067 Internum
591 4014 699 4067 XXVII.
721 4018 775 4068 118.

361 4098 487 4151 Arrotrer
508 4115 563 4152 uon
580 4100 606 4151 st
615 4101 690 4168 pud,
709 4096 754 4152 cur
769 4114 824 4151 uon
841 4099 867 4151 sr'
877 4103 976 4169 pente,

430 4165 471 4220 Νὲ
486 4173 598 4238 peratore
616 4184 630 4219 e
647 4167 736 4220 volere
754 4167 862 4220 insieme
875 4168 987 4237 perorsi,

429 4233 483 4288 Per·
502 4235 528 4288 lo
545 4235 735 4289 terebenthina
753 4233 801 4288 obe
819 4236 867 4288 nol
882 4242 1016 4290 corrserrle.
