2902 4874
316 317 318 323 r
343 282 478 338 DANTIS
494 281 714 339 Montanum
731 283 752 337 1.
772 282 800 337 O.
821 288 844 338 3.
864 289 888 338 4.
909 287 953 349 (5.)
1192 281 1210 342 9

93 456 181 521 simul
203 455 364 520 inactum
386 454 495 520 reduci
517 475 580 521 non
601 459 720 540 potest3
751 474 882 522 necesse
905 460 954 520 est
975 453 1212 525 multitudinem

92 578 158 625 esse
181 559 215 623 in
237 557 376 623 humano
398 576 523 640 genere,
546 577 604 641 per
626 576 722 639 quam
745 556 875 638 quidem
891 561 959 622 tota
973 560 1116 641 potentia
1131 560 1212 627 haec

92 665 242 726 aetuetur.
281 658 368 724 Siout
389 677 518 725 necesse
537 664 585 724 θεῖ
599 657 832 723 multitudinem
847 678 953 724 rerum
967 661 1209 745 generabilium,

90 766 122 825 ut
142 761 289 847 potentia
310 765 378 827 tota
399 760 552 826 materiae
573 760 696 845 primae
718 779 843 844 semper
864 761 924 826 sub
946 767 1020 827 actu
1038 762 1093 846 sit3
1119 763 1211 831 aliter
1228 791 1261 840 50

92 868 174 929 esset
197 862 275 928 dare
296 863 471 946 potentiam
501 865 696 944 separatam,
727 860 812 942 quod
840 865 890 927 θεῖ
918 862 1125 947 impossibile.
1169 866 1211 931 Et

91 965 162 1030 hnic
184 964 364 1031 sententiae
393 962 562 1029 concordat
584 963 751 1047 Avenois,
779 963 813 1027 in
836 964 1020 1055 Commento
1049 985 1144 1051 super
1171 968 1211 1034 iis

92 1087 172 1149 quae
195 1066 236 1132 de
258 1067 383 1131 Anima.
420 1064 568 1131 Potentia
591 1065 687 1130 etiam
708 1064 915 1149 intellectiva,
939 1065 979 1132 de
1002 1085 1067 1148 qua
1087 1070 1209 1154 loquor,

91 1189 151 1258 non
174 1168 278 1235 solum
300 1173 348 1235 θεῖ
369 1167 412 1233 ad
432 1168 550 1235 formas
572 1170 778 1253 universales,
801 1169 871 1236 sive
885 1170 1017 1253 species,
1041 1170 1212 1237 sedetiam

92 1277 145 1354 'per
169 1270 331 1352 quandam
353 1269 570 1337 extensionem
592 1269 635 1335 ad
656 1270 874 1354 particulares,
919 1271 1012 1338 Unde
1035 1272 1118 1339 solet
1140 1273 1211 1356 dici,
1231 1302 1263 1352 55

93 1373 175 1454 quod
197 1373 378 1439 intellectus
400 1371 616 1456 speculativas
647 1373 832 1439 extensione
860 1372 896 1437 fit
923 1373 1095 1458 practicus,
1126 1375 1214 1440 cuius

92 1473 159 1541 finis
190 1479 240 1541 est
268 1492 364 1556 agere
397 1479 493 1554 atque
526 1474 640 1539 facere.
691 1475 785 1554 Quod
815 1472 886 1540 dico
915 1480 1045 1560 propter
1071 1476 1213 1558 agibilia,

92 1596 172 1658 quae
191 1576 329 1662 politica
351 1575 519 1661 prudentia
536 1577 728 1660 regulantur,
752 1582 784 1643 et
798 1583 929 1662 propter
943 1577 1107 1661 factibilia,
1132 1598 1214 1660 quae

89 1680 275 1761 regulantur
297 1683 378 1761 arte3
404 1697 486 1759 quae
509 1679 615 1743 omnia
633 1679 844 1762 speculationi
858 1680 1049 1746 ancillantur
1063 1686 1215 1764 tanquam

86 1781 221 1865 optimo,
244 1778 288 1843 ad
310 1777 397 1861 qnod
417 1780 589 1844 humanum
611 1799 711 1862 genus
732 1781 836 1864 prima
860 1782 983 1848 bonitas
1005 1784 1038 1848 in
1057 1804 1128 1850 esse
1143 1804 1213 1866 pro·
1234 1812 1266 1863 50

85 1881 190 1948 duxit.
222 1881 272 1946 Ex
292 1901 354 1963 quo
370 1881 434 1946 iam
448 1880 618 1948 innotescit
631 1882 713 1947 illud
728 1883 900 1950 Politioae:
914 1883 1078 1951 intellectu
1094 1886 1216 1952 scilieet

82 1986 238 2067 vigentes
260 1983 333 2048 aliis
355 1983 542 2049 naturaliter
563 1984 742 2069 principari.

512 2182 635 2271 [cen
657 2204 701 2254 ε.
727 2185 740 2272 t
765 2186 800 2275 u

178 2323 265 2391 Satis
285 2322 383 2404 igitur
405 2321 600 2388 declaratum
623 2328 680 2407 est,
704 2324 790 2406 quod
810 2325 973 2408 proprium
992 2346 1071 2409 opus
1086 2325 1216 2391 humani

80 2426 218 2510 generis
240 2425 381 2490 totaliter
402 2423 534 2507 accepti,
558 2429 607 2489 est
628 2429 757 2491 actuare
780 2446 906 2510 semper
923 2432 1023 2492 totam
1041 2427 1216 2510 potentiam

79 2514 274 2594 intellectus
289 2525 460 2611 possibilis,
483 2527 642 2610 perprius
657 2525 700 2591 ad
715 2527 951 2611 speculandum,
976 2532 1009 2594 et
1028 2526 1215 2594 secundario

78 2633 224 2716 propter
245 2628 305 2694 hoc
328 2628 371 2693 ad
393 2627 588 2711 operandum
610 2648 668 2713 per
690 2648 779 2694 suam
803 2631 1030 2696 extensionem.
1067 2629 1109 2693 Et
1131 2629 1215 2713 quia,

83 2728 362 2814 quemadmodum
385 2733 434 2794 est
455 2730 488 2794 in
509 2736 629 2815 parte„
646 2730 692 2796 sic
720 2737 768 2797 est
796 2730 829 2794 in
858 2739 938 2816 toto,
969 2737 1001 2799 et
1029 2730 1062 2794 in
1087 2731 1248 2808 homine5

82 2832 279 2920 particulari
301 2831 468 2916 contingit,
499 2834 584 2914 quod
613 2830 753 2898 sedendo
778 2836 809 2897 et
832 2831 1025 2912 quiescendo
1047 2831 1217 2916 prudentia

84 2943 125 3027 et
148 2932 306 3019 sapientia
328 2934 397 3017 ipse
419 2933 592 3019 perficitur,
622 2938 725 3018 patet,
756 2932 842 3014 quod
867 2951 967 3015 genus
989 2934 1162 2999 humanum
1184 2935 1216 3000 in

116 3086 141 3119 ⁴⁹
157 3085 189 3138 P.
209 3083 256 3139 Sia
273 3099 380 3140 necesse
397 3090 437 3138 est
708 3085 730 3118 ⁶⁴
747 3083 816 3139 Edd.
835 3084 883 3138 secl
899 3090 926 3139 et
939 3101 993 3156 per
1011 3085 1149 3156 quandam

180 3170 212 3223 A.
230 3168 262 3222 L.
281 3170 450 3240 pecoralium
476 3212 480 3221 ,
706 3170 730 3202 ⁶²
747 3170 780 3224 A.
797 3169 827 3222 P.
848 3171 1012 3241 nepentes-
1026 3170 1061 3224 H.
1080 3173 1108 3225 in
1125 3176 1219 3243 pentes

120 3257 143 3289 ⁵⁰
161 3255 191 3308 P.
229 3259 284 3307 tota
323 3253 458 3308 mediante
493 3260 631 3327 potestate
751 3285 783 3294 —
801 3254 840 3309 M.
860 3255 1004 3326 inrepentes

87 3393 91 3404 ,
163 3355 269 3411 semper
285 3340 335 3394 snb
352 3344 415 3392 actn
749 3338 1218 3408 InfinecapitisF.addit‚‚Baldus“.

87 3475 91 3479 .
121 3425 143 3458 ⁵³
160 3425 192 3478 A.
211 3423 337 3478 Potentia
354 3425 424 3478 enlm
561 3416 562 3419 ’
681 3425 751 3493 Cap„
765 3424 810 3479 IV.
838 3424 903 3479 Cod.
914 3423 946 3478 V.
965 3440 1020 3479 non
1037 3424 1140 3478 indicat
1156 3425 1218 3480 novi

90 3571 102 3580 .,
122 3511 144 3543 ⁵⁴
161 3508 337 3576 F.-reliqui
344 3509 460 3564 attiners.
469 3513 518 3563 ant
525 3509 629 3580 spectes
719 3532 724 3541 ¹
750 3508 845 3578 capitis
857 3507 972 3562 initium.
1003 3510 1010 3540 ¹
1028 3506 1143 3563 F.Satc's
1152 3525 1218 3580 erqo

164 3645 188 3703 4⁹
204 3643 355 3698 Vnannnus
372 3645 389 3698 Ι.
401 3661 423 3698 c.
443 3644 535 3709 „Dicit
551 3643 579 3696 in
598 3643 691 3698 codem
709 3645 827 3713 capitulo
846 3649 873 3698 et
885 3643 1016 3710 sequenti,
1035 3643 1123 3710 „quod
1140 3644 1218 3698 intel·

96 3714 181 3768 lectus
190 3711 326 3781 possibilis
336 3728 391 3766 non
403 3718 493 3782 potest
510 3712 639 3777 actuari,“
657 3712 684 3766 id
702 3722 743 3768 est
760 3712 862 3781 perfici,
881 3711 950 3776 „nisi
967 3727 1015 3780 per
1032 3717 1118 3766 totum
1134 3726 1218 3779 genus

98 3783 253 3836 humanum.
289 3780 365 3834 Sicut
382 3782 503 3848 potentia
519 3780 649 3834 materiae
671 3782 773 3848 primae
796 3797 851 3834 non
872 3783 964 3848 potest
989 3778 1109 3832 totaliter
1126 3779 1219 3833 reduci

99 3850 125 3904 in
144 3856 235 3903 actum
253 3852 281 3901 ct
297 3848 497 3916 perfectionem,
516 3848 568 3903 nisi
586 3864 635 3917 per
653 3848 850 3902 multitudinem
868 3862 958 3901 rerum
975 3848 1167 3900 naturalium.“

100 3919 122 3952 ⁵³
138 3917 182 3971 Ad
198 3917 259 3969 libr.
276 3916 384 3970 tertium
401 3916 452 3970 Ed.
462 3917 556 3972 Venet.
570 3921 641 3970 1552.
661 3916 679 3970 f.
693 3921 749 3971 164.
821 3918 843 3949 ⁵⁶
860 3916 1054 3969 Amsuounnns
1072 3915 1151 3970 Polit.
1163 3915 1183 3967 I.
1195 3919 1218 3971 2.

99 3988 122 4052 ξ.
141 3992 163 4039 a
184 3984 218 4038 cf.
238 3983 390 4055 Metaphys.
408 3986 429 4038 1.
452 3991 473 4038 1.
508 3985 643 4040 Translat.
661 3988 752 4039 vetus:
779 3983 969 4052 „Experientia
993 3984 1157 4051 singulorum
1178 3989 1219 4037 est

100 4054 224 4122 cognitio,
244 4067 288 4106 ars
305 4069 368 4107 vero
387 4053 607 4107 universalium.“
720 4054 742 4085 ⁶¹
760 4053 852 4106 Idem
872 4051 949 4104 Polit.
967 4051 988 4104 I.
1008 4057 1031 4105 5.
1049 4053 1074 4116 ἓ.
1092 4056 1115 4106 6.

94 4121 169 4191 Cap.
187 4119 240 4176 IV.
276 4122 286 4182 l
305 4137 371 4190 „Per
389 4137 465 4175 suam
489 4121 703 4187 extensionem“‚
723 4137 784 4189 qua,
803 4123 835 4175 ut
854 4119 975 4187 vidimus,
993 4119 1147 4174 intellectus
1158 4134 1218 4188 spe·

100 4191 229 4245 culativus
248 4189 279 4242 fit
296 4189 441 4257 practicus.
1200 4215 1202 4218 <
