2910 4876
187 160 228 223 66
483 162 619 219 DANTIS
637 162 855 219 MONARCHIA
872 163 906 217 11.
926 163 954 219 (l.
973 168 997 219 8.

135 353 166 407 25
186 335 298 422 adjuta
318 341 434 421 potest.
480 334 638 419 Scriptum
660 342 709 401 est
731 335 814 402 enim
836 335 886 400 ad
907 336 1130 403 Hebraeos:
1163 338 1309 424 „Impos-

184 439 279 506 sibile
301 441 351 504 est
372 437 439 503 sine
460 435 525 503 fide
545 437 674 522 placere
696 435 798 504 Deo.“
837 437 878 502 ut
899 438 933 502 in
954 437 1157 505 Levitico:
1180 440 1310 523 „Homo

186 540 321 623 quilibet
344 539 384 606 de
407 537 502 605 domo
524 539 635 622 Israel,
659 539 713 621 qui
736 538 887 605 occiderit
902 539 1026 623 bovem,
1049 544 1104 604 aut
1127 561 1230 625 ovem,
1255 547 1312 607 aut

186 662 314 726 capram
335 641 368 705 in
391 640 502 706 castris
517 640 569 708 vel
593 645 684 707 extra
699 645 811 724 castra,
836 645 867 706 et
887 660 952 707 non
966 641 1117 708 obtulerit
1130 642 1174 708 ad
1191 643 1309 710 ostium

184 741 381 810 tabernaculi
403 741 599 808 oblationem
613 742 761 825 Domino,
783 742 947 825 sanguinis
969 761 1042 809 reus
1057 742 1147 809 erit.“
1181 743 1311 811 Ostium

135 863 167 914 so
185 842 381 912 tabernaculi
396 842 556 909 Christum
577 842 701 926 figurat,
724 843 777 926 qui
794 848 842 910 est
857 842 973 910 ostium
989 844 1150 911 conclavis
1173 846 1309 930 aeterni,

184 954 219 1013 nt
241 967 282 1013 ex
299 944 477 1026 Evangelio
500 943 574 1009 elici
594 951 715 1030 potest:
738 944 855 1013 occisio
877 945 1077 1029 animalium,
1100 946 1310 1029 operationes

184 1051 349 1115 humanas.

270 1148 480 1216 Occultum
509 1168 585 1214 vero
614 1153 664 1213 est
688 1147 843 1232 judicium
873 1149 951 1232 Dei,
981 1147 1024 1213 ad
1053 1146 1138 1230 quod
1168 1148 1307 1213 humana

185 1253 281 1334 ratio,
311 1270 370 1316 neo
391 1250 463 1333 lege
484 1255 632 1333 naturae,
662 1269 721 1317 neo
743 1252 816 1336 lege
839 1251 1028 1336 scripturae,
1058 1249 1117 1316 sed
1139 1248 1181 1316 de
1203 1250 1307 1333 gratia

135 1372 166 1424 35
186 1351 320 1440 speciali
343 1348 532 1433 quandoque
553 1350 718 1434 pertingit,
743 1351 829 1432 quod
850 1351 886 1416 fit
899 1353 1043 1438 pluribus
1065 1350 1185 1418 modis:
1210 1370 1305 1433 qnan-

186 1455 291 1538 doque
313 1451 450 1538 simplici
472 1450 682 1536 revelatione,
716 1452 908 1536 quandoque
929 1453 1125 1520 revelatione
1146 1452 1307 1536 discepta

185 1558 271 1625 tione
288 1552 427 1638 quadam
438 1552 608 1620 mediante.
637 1553 823 1639 Simplici
845 1555 1105 1622 revelatione
1121 1554 1309 1640 dupliciter:

212 1726 235 1757 ²⁶
251 1723 285 1778 V.
303 1722 404 1777 eductu
415 1725 510 1792 potest
800 1722 829 1785 ³³,
847 1720 868 1753 ³⁴
886 1721 930 1775 Ita
946 1721 1130 1776 consentiente
1138 1721 1236 1776 Ficino
1252 1737 1309 1776 onr-

212 1810 236 1844 ²⁸
253 1809 283 1862 F.
302 1808 333 1862 P.
352 1806 390 1861 Et
407 1807 487 1860 etiam
505 1804 622 1860 Leuitico
639 1835 672 1844 -
684 1805 716 1860 L.
837 1805 1034 1870 neslcodexru.
1042 1807 1141 1860 omittit
1148 1812 1227 1877 quod
1231 1805 1310 1874 etue)

253 1893 290 1947 M.
310 1891 402 1946 Etiam
422 1890 542 1944 levitico
836 1921 869 1930 -
886 1890 974 1946 Editi:
998 1891 1032 1945 ab
1050 1889 1170 1947 bumana
1187 1893 1306 1959 ratione,

211 1978 235 2011 ²⁰
252 1977 333 2033 oblat.
352 1976 429 2031 Dom.
455 1990 552 2045 scopu.
577 1991 641 2029 reus
657 1976 717 2030 erit.
837 1991 907 2045 quoe
933 1992 983 2030 nec
1009 1975 1068 2046 leue
1094 1981 1227 2042 naturae,
1259 1993 1310 2032 nce

254 2062 356 2119 Ostium
375 2060 476 2116 tubero.
500 2058 578 2114 abest
601 2074 618 2113 a
635 2060 667 2113 F.
686 2059 717 2112 P.
837 2059 896 2131 cpe
912 2061 1016 2131 scrqrta
1032 2060 1069 2115 act
1085 2077 1146 2116 eum
1160 2064 1310 2135 pcrtc'opit,

211 2149 234 2190 ³⁰
250 2148 283 2201 F.
303 2147 399 2201 ostium
423 2150 450 2199 et
466 2145 551 2200 clavis
575 2176 604 2184 -
630 2144 718 2199 Ficin.
836 2144 885 2198 sed
901 2144 935 2198 de
951 2146 1055 2216 pratia-

253 2232 276 2287 r‘l
291 2230 371 2303 quale
389 2230 403 2283 b
420 2228 436 2282 l’
454 2230 530 2283 ascio
548 2244 563 2283 c
581 2229 608 2283 la
626 2228 720 2283 abinoe
797 2229 820 2263 ³³
837 2228 875 2282 M.
895 2230 1028 2300 conliopr’t

251 2317 323 2372 dello
341 2321 433 2371 eterno
450 2330 544 2386 raquo.

252 2450 487 2519 ²⁵Pnun1Epist.
514 2450 549 2504 ad
566 2448 649 2504 Hobr.
668 2453 691 2502 2.
709 2467 733 2502 v.
753 2453 777 2502 6.
814 2449 854 2504 cf.
881 2464 949 2518 qnae
970 2450 1003 2505 de
1027 2450 1120 2505 eadem
1146 2451 1309 2520 quaestione

184 2521 306 2591 disputat
322 2521 439 2574 Anonos
456 2518 485 2572 in
502 2517 600 2572 Parad.
618 2517 691 2570 XIX.
712 2522 752 2571 70.

389 2644 394 2656 .
415 2644 421 2656 .
442 2644 447 2654 .
467 2603 508 2658 Tc
526 2592 624 2659 dicent:
648 2601 687 2657 Ua
705 2618 767 2656 uom
785 2617 865 2657 nasce
882 2602 938 2657 alla
955 2605 1014 2658 riva

455 2672 525 2727 oete
542 2671 629 2735 Indo,
647 2687 662 2724 e
679 2671 755 2740 quivi
770 2686 825 2724 oorr
842 2671 856 2724 ὲ
873 2669 919 2725 obi
934 2672 1046 2744 rapiunt

455 2740 492 2794 Di
509 2739 609 2806 Crista,
627 2739 660 2792 nt
677 2737 723 2793 clei
738 2737 833 2808 leppa,
852 2739 884 2793 ab
902 2737 947 2793 obi
962 2740 1067 2802 sericas

388 2830 415 2884 Ε
431 2833 494 2885 rorte·
511 2833 521 2885 i
536 2833 599 2886 moi
614 2831 700 2885 volort
716 2831 751 2885 cd
767 2832 819 2886 atre·
835 2831 919 2886 baum

457 2898 545 2965 Sorte,
564 2905 666 2969 quanto
683 2900 799 2970 ruptone
815 2916 916 2953 amana
932 2899 1010 2963 cede,

456 2964 547 3021 Senza
563 2975 675 3037 peccato
694 2969 722 3021 io
739 2969 795 3022 otta
813 2983 829 3021 o
847 2969 875 3022 io
891 2969 1017 3022 sermoni.

385 3057 465 3112 More
482 3075 537 3113 ooo
555 3059 708 3114 buttezzoto
725 3077 740 3114 e
757 3075 840 3114 senza
857 3059 923 3129 fedo
932 3078 943 3122 ;

458 3126 502 3182 Ου’
520 3127 534 3180 ὲ
552 3133 649 3250 jocata
665 3129 795 3198 qiustlze'a
813 3126 862 3182 obe
879 3127 901 3181 tl
916 3126 1079 3182 condonas?

459 3194 503 3250 Ου’
521 3195 535 3248 b
562 3212 579 3248 a
597 3195 677 3266 colpe
693 3210 758 3258 suo,
776 3211 806 3249 se
823 3197 850 3250 ei
865 3211 920 3249 non
939 3195 1035 3249 crede?

392 3287 429 3344 Or
447 3293 475 3341 tu
494 3286 540 3342 obi
555 3289 608 3353 sei,
626 3285 675 3342 obe
691 3288 756 3342 oaor‘
770 3286 864 3342 sedem
880 3306 898 3343 a
914 3304 1047 3355 seranna,

454 3354 511 3411 Per
527 3355 654 3426 piudicar
671 3355 707 3410 da
724 3356 803 3427 luopa'
817 3357 889 3411 mille
906 3356 1011 3427 miqlr'a,

457 3424 511 3479 Coo
528 3426 556 3480 la
574 3423 672 3478 sedata
689 3429 766 3478 corta
783 3423 865 3479 duna
881 3425 1008 3496 sponna?

388 3514 466 3571 Certo
484 3534 501 3570 a
519 3515 591 3571 colui
609 3515 658 3571 ebe
674 3532 748 3571 meno
765 3517 787 3570 ε’
805 3517 970 3586 αεεοτὶἰρίἰα,

454 3583 491 3638 Sc
509 3584 536 3638 lu
552 3586 682 3639 sortitura
699 3600 730 3638 so
751 3601 784 3639 ra
801 3586 846 3639 voi
862 3601 917 3638 nort
928 3584 1025 3705 (osse,

454 3651 497 3707 Da
515 3652 625 3709 dubitor
642 3601 755 3709 sorebffe
771 3670 789 3706 a
806 3654 925 3723 meruvtp
938 3653 973 3705 io.

251 3753 273 3787 ²⁶
290 3753 338 3807 111.
356 3753 446 3808 Mors.
460 3758 498 3807 17.
517 3771 541 3808 v.
552 3758 575 3819 3,
595 3759 619 3807 4.
680 3754 701 3786 ³¹
720 3751 953 3808 Everslonnus.
967 3757 1006 3807 10.
1025 3770 1048 3807 v.
1060 3757 1084 3818 7,
1104 3757 1128 3807 9.
1186 3755 1210 3787 ³²
1227 3753 1300 3821 „Nos

182 3821 320 3901 moraliter
342 3821 477 3901 offerimus
495 3822 621 3888 vitulum,
646 3837 727 3902 quum
749 3819 838 3876 carnis
857 3821 1009 3889 snperbiam
1031 3821 1176 3902 vincimus3
1195 3837 1298 3890 agnum,

281 3890 451 4012 ntor
466 3887 1298 4014 lictor

182 3973 392 4094 1vlialiriu’umcopanes
409 3999 528 4094 az’ymos,
547 3975 628 4094 qqum
645 4042 699 4080 non
723 4025 751 4079 in
774 3997 906 4079 fermento
924 3999 1054 4091 ma’litiae,
1077 4025 1125 4080 sed
1148 4027 1176 4081 in
1200 4025 1298 4097 azymis

182 4093 346 4149 sinceritatis
365 4098 392 4148 et
408 4093 529 4147 veritatis
547 4094 714 4162 epulamur.“
749 4093 905 4159 (Ismonus.)
