2910 4876
195 111 237 172 68
478 109 614 165 usuris
633 108 846 165 uousacmn
863 109 898 164 n.
917 109 948 164 c.
966 113 990 164 e.
1010 80 1072 163 o(
1232 140 1255 149 -

195 291 283 350 ratur
305 282 391 368 apud
414 282 544 350 eosdem
565 283 598 347 in
621 281 773 348 Atalanta
795 286 828 349 et
842 280 1051 366 Hippomene,
1073 281 1107 348 in
1129 279 1253 349 decimo
1277 281 1321 349 de

143 391 182 442 ὅθ
194 405 299 453 rerum
321 385 592 452 transmutatione.

282 485 435 555 Similiter
463 491 496 553 et
523 487 625 553 latere
653 506 715 553 non
746 483 857 569 debet,
887 485 1037 568 quoniam
1064 487 1098 551 in
1120 485 1171 552 his
1193 485 1319 556 duobus

195 587 380 657 decertandi
401 588 572 671 generibus
593 587 640 652 ita
661 607 696 653 se
718 586 817 651 hahet
839 607 905 670 res,
935 594 970 653 ut
997 587 1031 653 in
1056 588 1157 655 altero
1180 587 1250 656 s‘me
1271 587 1317 654 in-

190 691 277 776 juria
287 690 486 758 decertantes
501 688 657 775 impedire
672 708 707 756 se
722 688 949 774 possintputa
964 690 1152 773 duelliones,
1166 688 1201 754 in
1215 690 1317 758 altero

194 813 269 860 vero
292 814 369 877 uon3
400 791 569 860 nonenim
591 791 731 857 athletae
754 789 981 875 impedimento
1004 791 1037 856 in
1060 792 1248 857 alterutrum
1271 792 1318 858 uti

144 899 175 952 65
196 894 322 961 dehent.
374 893 529 974 Quamvis
559 894 684 960 Poeta
717 897 824 959 noster
864 894 958 960 aliter
993 893 1133 962 sensisse
1168 893 1318 960 videatur

193 997 227 1061 in
249 996 374 1080 quinto,
407 1015 503 1078 quum
524 995 600 1062 iecit
621 994 816 1062 remunerari
844 994 1028 1081 Euryalum.
1073 997 1209 1080 Propter
1232 995 1318 1078 quod

194 1097 308 1164 melius
330 1098 493 1163 Tullius
515 1097 548 1162 in
569 1095 671 1162 tertiis
693 1095 814 1163 Officiis
842 1098 903 1164 hoc
924 1097 1101 1183 prohibuit,
1124 1098 1317 1164 sententiam

195 1199 367 1285 Chrysippi
382 1189 534 1282 sequens3
558 1197 605 1263 ait
620 1198 704 1274 enim
719 1197 779 1264 sic:
803 1199 910 1282 „Scite
927 1198 1134 1286 Chrysippus,
1150 1205 1185 1264 ut
1200 1200 1316 1265 multa:

194 1301 257 1380 Qui
278 1301 418 1366 stadium
441 1297 570 1385 (inquit)
595 1299 704 1383 currit,
729 1299 807 1366 eniti
828 1304 861 1364 et
877 1299 1067 1369 contendere
1090 1300 1196 1385 debet,
1221 1322 1318 1385 quam

144 1408 176 1462 το
194 1404 334 1470 maxime
356 1403 473 1488 possit,
503 1406 537 1467 ut
560 1401 681 1485 vincat;
711 1402 918 1486 supplantare
941 1423 1028 1486 eum,
1058 1403 1186 1485 quicum
1208 1409 1317 1489 certet,

193 1506 281 1571 nullo
304 1503 399 1571 modo
422 1501 548 1571 debet.“

278 1606 338 1671 His
359 1606 523 1689 itaquein
545 1604 693 1688 Capitulo
716 1604 882 1688 distinctis,
905 1604 993 1670 duas
1007 1604 1147 1673 rationes
1169 1606 1317 1674 efficaces

194 1707 237 1773 ad
265 1708 462 1793 propositum
491 1706 636 1791 accipere
664 1725 848 1791 possumus;
884 1706 1006 1773 scilicet
1034 1728 1054 1772 a
1082 1707 1317 1794 disceptatione

193 1809 385 1876 athletarum
407 1830 517 1893 unam,
542 1814 574 1875 et
595 1827 616 1872 a
638 1807 867 1893 disceptatione
889 1809 1034 1894 pugilum
1056 1810 1207 1876 alteram:
1238 1830 1319 1894 quas

142 1919 173 1970 75
194 1911 323 1992 quidem
345 1931 520 1997 prosequar
541 1910 803 1992 insequentibus
826 1916 857 1977 et
880 1909 1074 1976 immediatis
1097 1911 1266 1997 Capitulis.

651 2116 772 2193 [carun
794 2116 853 2190 uu]

277 2251 336 2316 Ille
359 2250 455 2333 igitur
476 2250 629 2335 populus,
660 2249 715 2330 qui
744 2248 864 2313 cunctis
887 2249 1146 2316 athletizantibus
1175 2272 1234 2336 pro
1259 2253 1317 2318 im-

191 2352 280 2439 perio
302 2351 412 2418 mundi
433 2351 628 2438 praevaluit,
659 2350 698 2418 do
721 2350 829 2416 divino
849 2350 972 2434 judicio
995 2352 1185 2436 praevaluit.
1231 2355 1317 2420 Nam

220 2536 243 2570 ⁵⁹
259 2536 329 2591 Edd.
349 2538 377 2591 ira
393 2535 497 2590 decimo
515 2534 636 2605 ejusdem
804 2534 829 2568 ⁶⁹
846 2533 920 2587 ΕΜ.
936 2536 1059 2590 camena
1066 2541 1136 2591 corut.
1146 2537 1219 2593 —P.
1229 2540 1318 2594 currit
1427 2517 1437 2619 i

221 2623 245 2654 ⁶⁰
262 2621 296 2674 Η.
321 2620 565 2689 transformatione
588 2651 622 2658 -
645 2620 725 2675 lectio
845 2619 925 2673 ctiam
949 2626 1019 2673 corat.
1046 2650 1080 2660 -
1106 2621 1140 2675 Η.
1164 2628 1230 2679 tuac
1253 2641 1316 2679 cort·
1418 2622 1429 2745 y*

260 2705 401 2759 derorum
420 2706 555 2771 terminis,
582 2721 662 2774 quam
684 2720 726 2760 re·
846 2702 955 2757 tendere
1410 2728 1418 2784 ζ

260 2789 313 2845 iert
329 2791 418 2855 Zatta,
442 2805 497 2843 non
514 2789 631 2843 habetur
647 2789 676 2843 in
694 2789 726 2842 F.
862 2787 895 2840 H.
914 2791 978 2856 post
1000 2788 1077 2843 dehet
1098 2789 1195 2845 inserit
1212 2793 1315 2848 viribus
1409 2786 1416 2871 i

220 2874 243 2906 ⁰¹
261 2872 391 2928 Similiter
425 2874 453 2927 in
486 2873 516 2926 P.
554 2874 727 2943 conjungitur
845 2873 904 2926 suis
1398 2880 1408 2997 y

260 2973 321 3012 cum
337 2957 448 3027 periodo
466 2957 645 3027 praecedente
806 2957 830 2988 ³⁰
846 2955 880 3009 H.
910 2962 940 3009 at
971 2957 1043 3011 vivat
1069 2988 1103 2996 -
1135 2959 1205 3029 Edd.
1243 2964 1314 3024 (cum
1395 3021 1397 3026 .

202 3042 241 3096 ,ω
259 3041 290 3095 F.
302 3048 422 3114 possunt
846 3039 905 3110 ipso
925 3040 1063 3101 Cicerone)
1082 3043 1200 3099 retinent
1225 3055 1313 3101 actem
1387 3099 1388 3104 ,

220 3126 243 3159 ⁰⁴
260 3126 297 3180 M.
316 3133 342 3181 et
360 3126 419 3182 edd.
437 3132 526 3181 aulem
544 3143 600 3181 raon
846 3125 948 3197 (suppl.
959 3133 1048 3179 cutem
1067 3133 1145 3196 euro),
1156 3130 1230 3208 qnod
1239 3132 1314 3186 abest

218 3211 242 3244 ⁰⁵
258 3210 327 3265 Edd.
347 3211 427 3266 aliter
444 3211 544 3266 sentire
846 3225 863 3264 a
881 3209 1027 3265 codicibus.
1369 3236 1371 3250 .

277 3296 310 3348 A.
329 3295 363 3348 F.
381 3295 414 3350 L.
432 3295 471 3349 M.
490 3296 596 3351 videtur
862 3295 895 3349 H.
914 3296 946 3350 L.
966 3297 1016 3368 qai
1030 3302 1166 3351 corrccrtct
1187 3329 1220 3337 —
1238 3298 1269 3352 F.
1282 3299 1311 3353 P.
1359 3268 1378 3378 J

1359 3373 1369 3388 ξι

218 3380 240 3412 ⁰⁷
259 3379 290 3434 F.
308 3380 340 3435 L.
358 3380 389 3435 P.
407 3380 440 3433 V.
457 3381 536 3434 —H.
554 3382 583 3434 ia
600 3381 657 3435 sais
677 3380 727 3450 Of·
845 3386 941 3448 certet,
961 3380 1059 3437 omisso
1078 3383 1187 3452 quicum

256 3465 328 3534 ficiis
340 3497 368 3504 —
383 3464 490 3535 Reliqui
507 3470 534 3521 et
552 3464 611 3519 edd.
631 3467 659 3520 irs
674 3470 727 3520 ter·
804 3467 827 3498 ⁷²
844 3466 914 3520 Edd.
933 3467 961 3520 ia
981 3466 1107 3537 Capitale
1125 3465 1177 3522 iac

260 3550 297 3604 tic
315 3549 349 3604 dc
369 3548 477 3619 Officiis
805 3552 827 3584 ⁷⁴
846 3550 943 3607 Omnes
953 3556 1061 3621 praeter
1070 3552 1103 3617 A,
1114 3567 1171 3607 ana
1189 3553 1310 3608 etaltera

218 3635 242 3667 ⁶⁸
259 3633 293 3687 H.
311 3634 344 3688 L.
355 3634 393 3688 M.
404 3635 435 3701 P.
451 3635 484 3689 V.
504 3634 540 3689 Tc
559 3633 727 3708 Chrysippus
778 3634 842 3706 (lap.
861 3635 906 3688 [Χ.
947 3638 953 3668 ¹
972 3635 1003 3690 F.
1026 3634 1080 3692 Ille
1104 3653 1171 3708 erqo
1192 3653 1260 3711 pop.
1279 3667 1310 3676 -

258 3748 293 3757 -
310 3719 344 3774 A.
362 3718 394 3772 F.
414 3718 451 3774 Te
469 3720 579 3787 Crispas
844 3719 875 3776 P.
893 3718 946 3774 Ille
958 3737 1027 3793 pop.

261 3885 510 3942 ⁵⁰Ov1n.Metam.
533 3888 567 3941 X.
595 3892 652 3942 569.
745 3890 766 3923 ⁶¹
791 3889 952 3970 „quoniam‘
977 3905 1050 3945 more
1074 3891 1154 3946 medii
1178 3892 1237 3946 aevi
1261 3855 1321 3961 pro>

190 3953 296 4076 ,(5Ἑὲξίιέ
312 3962 498 4090 Ilislldridtffi.)
570 3956 719 4012 ⁶⁵V1aem.
740 3958 840 4012 Aeneis
858 3957 891 4010 V.
910 3962 958 4011 337
978 3973 1017 4026 sq.
1109 3962 1132 3994 ⁶⁷
1151 3960 1254 4016 O1cnao
1277 3958 1308 4069 de

276 4259 326 4275 wa„
338 4265 340 4279 3

370 4289 421 4305 Ἦ»
