2902 4874
319 303 454 359 DANTIS
473 303 696 359 MONARCHIA
713 304 734 358 I.
755 305 783 360 Ο.
805 311 845 359 tl.
864 310 926 374 (13),
948 310 986 361 lt.
1011 310 1073 373 (tl).
1194 304 1234 364 21

196 479 383 560 Praeterea,
413 482 531 558 quanto
560 495 658 542 causa
685 483 734 544 est
761 478 985 561 universalior,
1015 484 1104 545 tanto
1133 479 1237 562 magis

88 579 212 646 habet
233 578 389 645 rationem
411 597 542 662 causae,
567 578 642 661 quia
663 577 792 645 inferior
813 600 877 646 non
899 584 947 646 cst
969 599 1074 664 causa,
1097 580 1158 646 nisi
1179 601 1238 665 per

88 680 318 766 superiorem,
341 685 376 743 ut
396 685 486 764 patet
509 701 548 747 ex
570 680 610 746 iis
634 700 716 763 quae
739 682 779 748 de
802 681 929 765 Causis3
953 687 986 748 et
1001 688 1118 764 quanto
1134 682 1237 765 magis

90 801 210 848 causa
233 787 281 850 est
304 801 400 847 causa
407 831 415 865 ,
445 787 533 847 tanto
555 782 659 864 magis
682 781 829 849 effectum
851 783 965 867 diligit,
989 803 1086 865 quum
1108 783 1236 852 dilectio
1255 790 1293 840 90

90 885 187 950 talis
210 882 407 965 adsequatur
428 902 558 949 oausam
586 904 644 969 per
671 903 714 951 se.
758 885 863 964 Quum
892 903 967 968 ergo
995 885 1169 951 Monaroha
1197 885 1238 950 sit

90 985 386 1052 universalissima
408 1004 506 1052 causa
519 985 601 1051 inter
622 986 782 1070 mortales,
804 991 839 1050 ut
854 985 999 1052 homines
1017 987 1100 1053 bene
1117 986 1238 1070 vivant,

97 1087 189 1171 quia
212 1086 372 1172 principes
395 1085 450 1150 alii
472 1086 651 1170 perillum,
674 1094 709 1152 ut
731 1086 850 1154 dictum
872 1093 935 1172 est,
959 1107 1157 1170 consequens
1179 1092 1241 1171 est,

105 1188 201 1273 quod
224 1188 341 1255 bonum
363 1187 527 1255 hominum
549 1188 591 1253 ab
613 1209 652 1256 eo
674 1188 815 1256 maxime
837 1188 996 1271 diligatur.

200 1289 295 1370 Quod
316 1296 425 1357 autem
446 1290 620 1355 Monarcha
641 1290 806 1374 potissime
828 1310 863 1357 se
884 1291 1003 1359 habeat
1024 1290 1068 1355 ad
1096 1311 1236 1377 opera·
1255 1299 1290 1359 95

102 1393 265 1459 tionem
293 1391 449 1475 iustitiae,
479 1391 552 1473 quis
579 1391 726 1457 dubitat?
754 1392 816 1458 nisi
844 1392 899 1475 qui
927 1412 1038 1459 vocem
1066 1393 1149 1458 hanc
1175 1414 1239 1460 non

104 1494 280 1577 iutelligit,
310 1513 407 1576 quum
429 1493 457 1558 si
479 1493 653 1560 Monaroha
674 1499 737 1578 est,
767 1495 877 1562 hostes
899 1495 1018 1561 habers
1039 1513 1104 1559 non
1126 1495 1237 1578 possit.

200 1595 287 1662 Satis
308 1594 405 1678 igitur
427 1595 591 1661 declarata
612 1594 844 1681 subadsumpta
858 1595 1037 1682 principali,
1059 1601 1150 1680 patet
1163 1596 1240 1678 quia

113 1698 276 1764 conclusio
300 1704 387 1763 certa
408 1701 470 1765 est:
499 1697 621 1764 scilicet
650 1696 737 1778 quod
758 1697 801 1761 ad
823 1698 976 1782 optimam
999 1696 1240 1782 dispositionem

112 1799 225 1865 mundi
246 1819 378 1866 necesso
400 1804 449 1868 est
469 1799 688 1866 Monarchiam
709 1818 790 1866 esse.
1256 1808 1303 1861 100

505 1973 627 2047 [carun
648 1989 709 2035 ΧΠ.
735 1931 848 2054 (xlvij

198 2104 241 2170 Et
261 2105 435 2170 humanum
456 2121 565 2187 genus,
588 2103 754 2189 potissime
776 2104 922 2188 liberum,
946 2104 1064 2189 optimc
1080 2124 1116 2171 sc
1131 2104 1238 2173 habet.

118 2205 186 2272 Hoc
208 2207 268 2272 erit
289 2205 501 2289 manifestum,
525 2205 553 2269 si
567 2205 758 2291 principium
779 2213 889 2291 pateat
905 2205 1070 2272 libertatis.
1105 2207 1240 2292 Propter

145 2340 164 2371 ⁸⁷
182 2340 215 2393 A.
233 2337 649 2394 etversioFicini—aliiomnes
728 2341 751 2374 99
768 2340 799 2393 F.
818 2339 853 2393 Η.
877 2339 908 2394 Ρ.
933 2339 967 2394 V.
997 2338 1186 2411 potentissime
1210 2355 1239 2393 se

184 2430 286 2494 quanto
304 2441 389 2479 causa
406 2428 447 2478 cst
464 2423 567 2490 utilior,
579 2423 650 2493 quod
769 2422 868 2479 habeat

183 2524 237 2563 non
250 2509 308 2564 sinc
321 2508 427 2564 ratione
435 2507 542 2563 defendi
550 2513 651 2578 posset.
729 2509 752 2542 ⁹⁷
769 2509 801 2562 F.
821 2510 887 2579 quia
903 2509 930 2562 si
944 2505 1098 2562 Monarcaa

146 2593 167 2626 99
182 2593 216 2647 Η.
225 2599 252 2649 et
258 2593 318 2649 edd.
330 2610 415 2650 causa
423 2596 512 2664 magis
522 2600 652 2649 estoausa
730 2594 753 2626 99
769 2593 840 2647 Edd.
850 2595 915 2662 post
922 2591 1063 2647 declarata
1071 2591 1241 2646 inseruntcst

184 2707 214 2717 -
236 2678 326 2734 Princ.
345 2695 430 2735 causa
447 2685 488 2733 est
504 2679 594 2748 mopis
611 2683 653 2731 est
787 2678 821 2731 Η.
835 2677 869 2732 V.
886 2708 922 2717 —
938 2676 1045 2746 Reliqui
1054 2692 1146 2731 omnes
1158 2679 1239 2748 pav'n·

186 2778 270 2818 causa
771 2762 857 2834 optol*

145 2845 165 2879 ⁹¹
182 2846 252 2901 Edd.
276 2852 376 2902 recent.
402 2847 509 2903 dilectio
535 2847 597 2901 talis
612 2861 652 2900 sc·
789 2846 915 2902 Codioem
938 2846 972 2900 H.
997 2850 1126 2915 sequutus
1149 2845 1241 2901 addidi

186 2938 287 3002 quator
766 2937 861 3002 potet,
889 2930 960 2999 quod
977 2930 1006 2985 in
1032 2930 1091 2985 aliis
1114 2930 1240 2986 omnibus

200 3017 234 3071 Η,
252 3017 284 3070 L.
302 3016 334 3070 P.
352 3015 385 3069 V.
403 3017 488 3087 ipitur
500 3013 654 3071 Monurclaa
771 3032 826 3071 non
843 3015 960 3070 habetur

146 3101 168 3135 99
183 3103 218 3156 Α.
248 3106 275 3156 et
301 3116 370 3157 vers.
396 3100 452 3156 Fio.
477 3133 510 3141 —
543 3100 588 3155 alii
617 3101 653 3154 sit
787 3101 820 3154 A.
845 3101 877 3155 F.
898 3100 930 3154 P.
955 3102 988 3168 (t)
1012 3102 1047 3156 V.
1068 3117 1155 3173 quara
1177 3118 1240 3158 oon-

184 3187 328 3242 utilrssa'ma
350 3202 435 3241 causa
460 3186 506 3252 (cf.
524 3200 593 3256 quae
610 3183 650 3239 di·
770 3185 857 3241 clusio

184 3273 272 3327 ximus
289 3271 324 3326 ad
341 3271 388 3326 lin.
407 3275 458 3327 sta
730 3270 754 3303 99
770 3270 802 3323 F.
819 3272 923 3326 scilicet
939 3278 1070 3341 quantum

200 3358 234 3410 A.
252 3371 345 3413 omnes
362 3356 427 3411 bene
443 3357 543 3410 uiuunt.
787 3355 819 3409 V.
838 3356 875 3410 ad
891 3358 1012 3428 optatam
1029 3356 1129 3426 dispas.

145 3442 168 3476 99
184 3441 252 3497 Edd.
271 3440 372 3509 antiqu.
390 3446 416 3495 ct
432 3457 558 3512 conseptu
723 3441 757 3473 ¹⁰⁰
774 3439 806 3492 F.
827 3439 1006 3496 Monarodum
1024 3455 1082 3494 essa

201 3526 240 3581 M.
258 3529 419 3582 conueniens
435 3536 481 3582 cst.
705 3524 770 3594 Cap.
781 3524 841 3579 XII.
872 3516 1240 3597 ¹H.poteatissimeliterum

144 3612 167 3645 99
183 3612 222 3666 Μ.
241 3619 272 3665 at
289 3612 386 3667 donum
404 3611 503 3667 domin.
772 3640 806 3650 -
823 3607 892 3662 Edd.
905 3610 1079 3679 pottissimum
1097 3608 1142 3662 lio.

201 3697 235 3750 Α.
254 3695 292 3750 Μ.
311 3698 344 3751 ab
363 3714 394 3751 eo
412 3698 501 3767 mapa
518 3695 594 3766 dilip.

186 3815 209 3848 99
225 3813 308 3868 Liber
326 3814 378 3880 „de
396 3814 499 3881 causis,
523 3813 579 3868 sive
596 3813 630 3868 dc
648 3813 766 3868 essentia
782 3826 867 3880 purae
883 3809 1045 3876 bonitatis“,
1069 3809 1156 3864 medio
1174 3823 1239 3864 aevo

119 3883 290 3938 Anrsuouum
307 3883 349 3937 vel
367 3883 478 3937 Paccio
496 3880 731 3945 falsoattribntns‚
750 3881 836 3935 stab.
849 3879 952 3933 Thoma
959 3878 1096 3947 Aquinate
1105 3892 1239 3956 commen-

119 3951 186 4006 tario
212 3951 371 4005 illustratus.
413 3950 452 4006 cf.
476 3951 615 4004 Iouunnun
644 3949 752 4018 Scripta
774 3947 887 4002 Aristot.
912 3946 942 4001 in
964 3946 1032 4000 med.
1054 3961 1127 4000 aevo.
1152 3960 1239 3999 versuo

119 4019 272 4087 germanica
289 4019 389 4074 Stahrii
406 4023 431 4084 ξ.
451 4023 491 4073 18.
562 4019 584 4050 99
602 4017 802 4086 ‚,adsequatur“
820 4032 869 4084 pro
887 4017 1050 4084 „sequatur“
1068 4014 1169 4069 dictum
1180 4028 1239 4067 csse

136 4093 191 4142 uta.
248 4087 288 4120 ’99
306 4087 369 4141 Scil.
381 4102 487 4142 vocem:
505 4082 662 4155 Μονάρχης.
733 4085 756 4118 99
773 4082 991 4152 ‚‚Subadsumpta
1005 4081 1238 4154 principalis“ha-

119 4104 197 4211 detur
214 4152 291 4209 initio
309 4154 389 4210 huius
408 4170 467 4224 cap.
486 4172 512 4225 p.
533 4160 573 4211 17.
585 4153 708 4208 -Modo
724 4153 846 4222 vulgatae
857 4152 1004 4207 Biblvers.
1015 4153 1080 4222 quta
1098 4165 1147 4221 pro
1166 4149 1241 4222 quod

119 4225 237 4293 positum
255 4228 305 4277 est.
