2902 4874
323 311 458 368 DANTIS
475 311 694 368 MONARCHIA
711 314 746 368 Π.
766 314 795 370 C.
814 319 838 368 5.
858 320 882 369 6.
1121 316 1162 374 57

45 484 170 567 [uidem
200 483 271 568 ejus
299 485 426 569 factum,
463 483 526 549 nisi
550 489 635 551 esset
667 484 739 569 jure
774 483 955 570 laudatum,
984 507 1048 554 non
1078 495 1163 557 esset

45 587 182 652 mitatus
198 589 311 667 quarto
327 585 501 651 Consulatu
524 603 581 651 suo
596 584 695 670 iilius,
719 605 824 668 neque
838 607 934 671 porro
950 608 991 655 er
1006 608 1044 656 eo
1059 594 1162 676 natus,

45 710 109 755 um
131 687 257 774 Pyrrho
280 686 400 753 bellum
422 705 553 770 gerens,
576 686 694 754 Consul
717 708 756 755 eo
780 687 947 757 cecidisset
974 691 1008 755 in
1029 693 1162 777 praelio,

45 809 137 874 eque
161 810 180 856 e
203 787 375 855 continenti
397 807 514 871 genere
542 789 670 855 tertiam
692 789 854 855 victimam
877 791 1086 877 Reipublicae
1108 796 1160 860 tri-

45 889 192 958 ·uisset.“
235 892 271 956 In
298 889 339 954 iis
367 909 442 957 vero
472 909 554 973 quae
578 887 618 955 de
641 891 777 976 Officiis,
808 891 848 959 de
871 893 994 961 Catone
1019 895 1160 964 dicebat:
1181 906 1229 964 11⁰

44 997 132 1067 ‚Non
157 994 240 1060 enirn
262 991 328 1058 alia
349 993 382 1057 in
404 1011 501 1059 causa
515 995 641 1060 Marcus
664 993 744 1060 Cato
766 993 840 1078 fuit,
864 995 930 1059 alia
951 997 1084 1082 caeteri,
1108 1001 1163 1082 qui

44 1119 65 1166 e
90 1097 129 1162 in
151 1095 260 1161 Africa
282 1093 413 1160 Caesari
434 1093 648 1181 tradiderunt;
675 1100 773 1179 atque
796 1097 931 1163 caeteris
953 1098 1061 1164 forsan
1082 1099 1162 1169 vitio

44 1200 150 1266 iatum
165 1198 312 1281 esset„si
326 1217 361 1264 se
383 1197 628 1282 interemissent,
649 1203 821 1282 propterea
836 1198 923 1281 quod
936 1199 1039 1268 levior
1053 1221 1162 1269 eorum

44 1303 120 1386 ita,
146 1306 178 1368 et
200 1319 304 1367 mores
331 1299 457 1365 fuerunt
478 1300 646 1367 faciliores.
693 1299 807 1367 Catoni
838 1319 914 1367 vero
944 1320 1040 1383 quum
1061 1302 1160 1369 incre

44 1404 172 1470 iibilem
194 1406 307 1467 natura
329 1401 492 1470 tribuisset
513 1402 720 1486 gravitatem,
752 1421 886 1484 eamque
911 1409 1067 1488 perpetua
1088 1426 1159 1472 con·
1182 1423 1227 1473 111

43 1506 159 1572 tantia
180 1504 376 1588 roborasset,
403 1523 591 1589 semperque
612 1505 646 1570 in
667 1503 831 1589 proposito
855 1509 1065 1590 susceptoque
1088 1528 1160 1574 con-

43 1609 108 1676 tilio
131 1605 374 1693 permansisset,
397 1605 594 1673 moriendum
611 1605 648 1671 ei
677 1605 798 1691 potius,
829 1624 924 1687 quam
945 1609 1072 1692 tyranni
1094 1599 1161 1675 vul-

43 1730 87 1776 11
110 1707 338 1793 suspiciendus
359 1706 450 1774 fuit.“
1077 1691 1082 1705 '

501 1897 624 1972 [curun
647 1898 701 1973 vn]

123 2048 298 2115 Declarata
319 2045 415 2129 igitur
430 2044 492 2112 duo
515 2053 602 2132 sunt,
627 2066 759 2129 quorum
776 2066 873 2112 unum
895 2052 960 2130 est,
984 2048 1070 2130 quod
1093 2050 1159 2132 qui-

42 2168 173 2232 cumque
206 2149 322 2214 bonum
356 2148 554 2232 reipublicae
587 2148 739 2233 intendit,
772 2148 868 2216 finem
895 2148 977 2233 juris
1009 2150 1160 2218 intendit:

42 2250 126 2316 aliud
155 2254 218 2333 est,
248 2247 334 2331 quod
362 2251 523 2316 Romanus
550 2251 687 2336 populus
715 2249 914 2334 subjiciendo
946 2252 1008 2317 sibi
1040 2253 1158 2337 orbem,

42 2352 156 2419 bonum
177 2351 340 2437 publicum
361 2351 505 2418 intendit.
543 2354 636 2420 Nunc
658 2357 808 2436 arguatur
823 2352 866 2417 ad
880 2352 1078 2438 propositum
1099 2354 1159 2420 sic:

60 2538 91 2571 ¹⁰⁰
106 2536 140 2591 F.
158 2536 229 2602 Quin
247 2534 382 2605 quidquid
398 2537 460 2606 ejns
644 2539 677 2571 ¹¹⁴
695 2536 737 2591 Ite
761 2552 852 2593 omnes
877 2552 938 2592 oum
962 2536 1101 2592 Cicerone.
1126 2567 1160 2578 —

121 2621 165 2676 Ita
189 2635 281 2676 omnes
303 2635 364 2674 curn
388 2620 574 2677 Cicerone-
691 2621 761 2676 Edd.
779 2621 843 2676 dnm
860 2622 1044 2678 incredibilem

104 2706 175 2762 Edd.
194 2722 249 2760 non
264 2705 366 2775 fuisset
383 2707 448 2760 imit.
644 2707 678 2740 ¹¹⁰
694 2707 729 2760 H.
753 2706 792 2760 M.
815 2723 922 2779 semper
951 2706 1018 2770 (sine
1045 2707 1161 2777 conjun-

62 2790 91 2824 ¹⁰⁸
108 2791 139 2846 F.
164 2790 287 2845 consulte
311 2789 452 2844 cecidisset
483 2821 517 2830 —
548 2791 573 2845 A
694 2791 793 2857 ctione)

105 2874 245 2931 Ciceronis
262 2876 340 2929 textu
358 2874 436 2929 abest
453 2892 485 2930 eo
645 2877 678 2911 ¹¹⁷
690 2877 889 2948 permansisset
907 2874 983 2930 deest
999 2875 1027 2930 in
1044 2875 1075 2929 F.
1094 2876 1125 2931 P.

59 2960 138 3016 100Ρ.
156 2962 300 3030 sicque—
317 2958 349 3012 F.
368 2960 446 3029 sique
624 2960 689 3030 Cap.
708 2960 756 3014 VI.
796 2961 850 3014 1Α.
869 2960 901 3014 F.
919 2959 951 3014 L.
966 2960 1000 3013 Η.
1018 2976 1073 3015 non
1090 2961 1159 3017 indi-

120 3045 156 3100 H.
180 3044 218 3098 M.
240 3044 274 3100 V.
298 3074 333 3083 —
358 3043 389 3097 P.
413 3049 441 3098 et
464 3043 523 3098 edd.
547 3050 574 3099 et
692 3048 757 3100 cent
772 3045 835 3100 nori
853 3045 950 3115 capitis
967 3045 1082 3101 initium.

103 3129 255 3186 continenti
275 3159 310 3167 —
332 3128 365 3182 F.
389 3133 416 3182 et
437 3130 466 3183 in
484 3130 573 3184 conti·
708 3131 742 3184 A.
765 3129 797 3183 F.
821 3130 856 3185 H.
874 3130 907 3185 V.
934 3161 968 3170 —
994 3131 1032 3186 M.
1051 3132 1082 3186 P.
1107 3132 1160 3189 De-

102 3215 180 3271 ncnti
203 3243 238 3254 -
261 3214 294 3268 A.
316 3214 345 3268 in
367 3214 518 3268 continenti
539 3244 572 3254 —
692 3214 782 3270 clarat
816 3244 851 3255 -
884 3215 917 3270 L.
944 3215 1095 3272 Decicrcnt
1125 3248 1160 3261 -

102 3300 137 3355 L.
154 3299 304 3355 continenti
494 3332 498 3340 ·
691 3299 786 3356 Versio
811 3299 900 3356 Ficini
923 3304 951 3356 et
973 3301 1042 3356 Edd.
1061 3302 1159 3359 Decia-

49 3381 86 3420 ¹¹⁰
104 3385 137 3439 F.
155 3383 191 3439 In
209 3384 243 3438 iis
259 3399 323 3438 vere
340 3381 373 3437 dc
393 3381 446 3454 Off.
691 3385 789 3440 rande.
829 3385 882 3441 Sed
905 3391 1048 3454 utrumque
1067 3387 1160 3453 (finem

50 3468 87 3505 ¹¹¹
106 3469 139 3524 H
165 3467 238 3523 Nnm
264 3483 325 3522 eum
352 3498 385 3508 —
414 3467 447 3522 F.
473 3468 505 3523 L.
533 3468 571 3527 M.
688 3470 760 3539 juris
776 3470 924 3537 intendere,
943 3470 988 3540 qui
997 3471 1158 3526 bonumrei-

103 3554 177 3610 Nnm
195 3555 265 3608 enim
691 3555 817 3624 publicae
834 3554 992 3620 intendunt,
1011 3560 1042 3608 ut
1058 3554 1158 3611 Roma-

47 3639 88 3676 ¹¹²
107 3637 325 3694 Abbreriationis
353 3637 471 3706 signum,
501 3637 572 3707 quod
692 3655 757 3693 num
782 3640 926 3709 populum,
961 3655 1043 3708 quum
1066 3640 1158 3695 orbem

101 3723 219 3778 habetur
235 3721 305 3776 inF.
315 3721 413 3778 delicto
424 3728 485 3793 (pro
496 3725 571 3790 citio)
691 3729 825 3779 terrarum
843 3723 896 3778 sibi
904 3724 1058 3792 subjiceret,
1077 3723 1158 3780 finem

100 3807 242 3876 legendum
260 3822 321 3862 esse
337 3806 443 3863 videtur
685 3807 756 3876 juris
765 3807 922 3874 intendisse)
937 3808 995 3876 jam
1009 3808 1156 3878 inpraese-

48 3894 87 3930 ¹¹³
104 3895 131 3948 si
146 3908 176 3947 se
193 3892 268 3947 deest
285 3892 314 3947 in
332 3892 363 3945 F.
382 3892 415 3946 L.
431 3892 470 3946 M.
481 3892 511 3946 P.
533 3893 567 3948 V.
688 3892 769 3947 dente
778 3891 897 3963 capitulo
914 3893 1038 3963 exposuit
1051 3895 1155 3949 auctor.

103 3979 136 4032 A.
164 3975 238 4049 qrrod
264 3976 334 4030 licor
365 4007 398 4017 -
432 3976 465 4031 In
491 3982 568 4031 textu
704 3977 737 4036 F.
755 3977 789 4031 H.
809 3976 884 4032 Deci.
904 3994 971 4050 erqo

103 4061 241 4119 Ciceronis
259 4062 335 4132 qnod
352 4061 439 4116 Lenior

107 4234 140 4267 ¹¹⁰
156 4231 229 4286 Inuus
247 4231 281 4286 de
299 4230 377 4288 offic.
397 4230 418 4284 I.
438 4235 479 4286 31.
499 4235 580 4298 t1¹²d
