2910 4876
245 301 304 363 130
490 304 625 360 DANTIS
643 304 862 360 MONARCHIA
879 304 926 357 111.
945 305 973 358 c.
996 309 1033 358 13.
1053 309 1115 369 rra.)

242 476 341 542 bunal
364 477 512 543 Caesaris
535 482 600 560 sto,
629 477 684 542 ubi
706 497 757 542 me
786 482 910 560 oportet
934 476 1112 560 judieari;“
1148 496 1245 558 quum
1268 477 1365 544 etiam

191 594 224 647 to
242 579 386 660 Angelus
408 577 470 642 Dei
492 578 593 643 Paulo
616 576 734 643 dixerit
755 597 867 661 parurn
888 583 976 662 post:
1013 579 1083 661 „Ne
1106 578 1229 661 timeas,
1252 580 1364 662 Paule,

244 679 375 746 Caesari
404 685 435 743 te
464 685 589 763 oportet
617 677 803 744 adsistere.“
857 679 898 742 Et
926 678 1008 743 infra
1035 678 1150 745 iterum
1173 680 1293 744 Paulus
1322 678 1364 743 ad

241 781 383 848 ludaeos
394 780 585 847 exsistentes
600 780 751 845 initalia:
767 779 1087 862 „Contradicentibus
1100 787 1206 846 autem
1218 779 1364 864 ludaeis,

243 886 370 949 coactus
399 901 467 947 sum
496 883 662 967 appellare
685 881 871 962 Caesarem,
899 901 962 946 non
991 882 1082 962 quasi
1107 888 1235 964 gentem
1257 903 1363 948 meam

242 983 363 1049 habens
385 983 508 1064 aliquid
529 1003 694 1066 accusare,
726 982 784 1048 sed
809 987 843 1048 ut
866 1003 1009 1048 eruerem
1034 985 1173 1048 unimam
1194 1003 1300 1049 meam
1323 983 1364 1050 de

192 1105 223 1156 35
242 1083 373 1151 morte.“
417 1085 511 1165 Quod
533 1085 560 1150 si
577 1086 695 1152 Caesar
713 1084 783 1167 jam
805 1088 880 1149 tunc
897 1083 1065 1167 judicandi
1087 1085 1279 1169 temporalia
1300 1106 1364 1150 non

242 1187 406 1253 habuisset
434 1187 671 1267 auctoritatem,
700 1205 759 1251 neo
788 1185 931 1250 Christus
960 1185 1020 1251 hoc
1047 1187 1275 1270 persuasisset,
1305 1207 1365 1253 neo

240 1288 384 1370 Angelus
406 1287 464 1353 illa
486 1290 586 1354 rerba
607 1287 804 1370 nunciasset,
829 1307 888 1352 nec
910 1287 966 1352 ille
990 1287 1044 1368 qui
1067 1286 1209 1353 dicebat:
1238 1288 1365 1373 „Cupio

240 1389 378 1455 dissolvi
406 1395 438 1454 et
466 1410 536 1456 esse
565 1410 636 1454 oum
659 1387 816 1471 Christo,“
843 1388 1110 1472 incompetentem
1133 1388 1279 1472 judicem
1307 1409 1362 1474 ap-

239 1491 402 1576 pellasset.

190 1600 223 1650 ro
328 1589 363 1655 Si
396 1591 492 1658 etiam
526 1589 751 1656 Constantinus
783 1591 1004 1657 auctoritatem
1036 1612 1099 1657 non
1132 1591 1298 1658 habuisset
1330 1593 1364 1658 in

240 1692 451 1778 patrocinium
466 1691 640 1773 Ecclesiae,
662 1690 720 1755 illa
743 1710 825 1771 quae
848 1691 888 1758 de
909 1693 1047 1777 imperio
1068 1692 1234 1775 deputavit
1257 1695 1297 1777 ei,
1322 1695 1363 1762 de

237 1795 311 1878 jure
335 1793 488 1878 deputare
510 1814 574 1859 non
596 1793 767 1877 potuisset,
799 1799 831 1857 et
854 1793 900 1858 sic
921 1793 1081 1877 Ecclesia,
1110 1794 1168 1859 illa
1191 1796 1364 1864 collatione

240 1900 380 1961 uteretur
408 1895 540 1978 injuste,
573 1914 669 1976 quum
691 1896 779 1987 Deus
802 1895 880 1960 velit
909 1897 1086 1962 oblationes
1118 1915 1189 1961 esse
1212 1895 1360 1960 immacu-

241 1998 333 2080 latas,
353 1996 448 2080 juxta
469 1996 550 2061 illud
565 1996 764 2062 Levitioi:
787 1995 919 2079 „Omnis
935 1997 1065 2080 oblatio,
1082 2016 1177 2078 quam
1193 1996 1362 2062 conferetis

190 2111 222 2160 rt
240 2098 388 2182 Domino,
412 2098 534 2180 absque
556 2098 710 2164 fermento
733 2096 823 2162 erit.“
867 2098 959 2178 Quod
989 2097 1117 2179 quidem
1146 2105 1360 2184 praeceptum,

266 2250 290 2282 ³⁹
307 2249 376 2303 Edd.
395 2250 514 2303 Venetae
540 2249 578 2303 tlt
599 2240 641 2302 me
659 2254 775 2318 oportet,
852 2250 873 2280 ³¹
893 2249 924 2301 L.
946 2249 973 2301 la
986 2250 1186 2320 patrimonium
1206 2249 1280 2304 Eccl.

308 2334 380 2403 quod
406 2339 433 2387 et
464 2333 493 2388 in
525 2334 640 2401 vulgatis
681 2337 772 2388 textus
851 2335 882 2401 ⁴³¹,
902 2334 925 2366 33
944 2332 973 2386 F.
992 2334 1019 2386 ei
1035 2350 1052 2386 a
1064 2334 1162 2403 judice
1180 2334 1313 2404 deputare

308 2419 377 2474 sacri
396 2418 471 2472 editt.
499 2417 581 2473 Godd.
599 2424 688 2472 temen
705 2433 772 2471 une·
851 2419 875 2450 33
892 2420 925 2471 A.
943 2424 970 2471 et
989 2417 1110 2473 Ecclesia
1127 2450 1161 2457 —
1178 2419 1216 2472 M.
1234 2421 1274 2475 sic
1287 2419 1356 2474 Ecel.

307 2505 372 2558 nimi
399 2518 534 2558 consensu
552 2504 600 2558 ubi
615 2520 657 2557 me
674 2507 773 2573 oport,
895 2533 926 2567 -.
943 2503 976 2556 V.
995 2509 1021 2556 et
1037 2504 1063 2556 εἰ
1081 2503 1151 2559 h'rel.

308 2606 387 2657 quem
410 2589 561 2652 lectionem,
587 2588 659 2641 inter
683 2587 772 2640 varias
852 2588 883 2651 ³³,
902 2589 925 2620 ³³
943 2587 976 2640 H.
1005 2605 1086 2657 qaam
1112 2588 1217 2657 offertis
1245 2589 1360 2644 Domino

307 2676 425 2728 Actuum
440 2672 474 2727 ab
488 2670 636 2726 editoribus
653 2671 775 2736 relatam,
894 2703 927 2711 -
943 2672 975 2724 V.
995 2689 1076 2742 quam
1094 2673 1229 2742 confertis
1245 2674 1361 2729 Dorm'rro

307 2758 424 2813 Dantem
441 2757 569 2812 habuisse
588 2771 734 2811 censemus
893 2787 928 2796 -
945 2756 983 2809 M.
1023 2773 1084 2810 eom
1103 2773 1152 2811 con
1171 2760 1237 2812 ertio
1254 2758 1313 2813 Deo
1329 2790 1361 2798 —

265 2845 288 2877 ³⁰
305 2844 338 2898 H.
357 2843 479 2914 Anqelas
499 2842 608 2896 llornbu'
894 2843 927 2894 A.
947 2841 979 2894 F.
998 2774 1030 2894 ἕ
1050 2758 1221 2896 VersiofFic.
1235 2843 1362 2898 etPrinc.

266 2929 289 2961 ³¹
306 2929 344 2982 M.
364 2933 400 2981 Et
416 2929 486 2983 idem
505 2928 599 2980 iterum
619 2925 775 2979 Paulus-
895 2925 1007 2994 Oporini
1029 2925 1168 2981 nobiscum
1193 2943 1276 2997 quem
1299 2945 1361 2983 con-

307 3012 341 3066 H.
360 3012 391 3065 L.
411 3015 447 3065 Et
464 3014 560 3066 iterum
578 3010 683 3065 Paulus
893 3011 991 3080 feretis
1013 3010 1128 3064 Domino
1162 3043 1197 3050 —
1224 3011 1254 3065 P.
1279 3029 1362 3082 quam

266 3097 288 3130 ³³
306 3097 338 3149 A.
357 3103 473 3150 certetur
489 3112 548 3149 scm
566 3096 722 3166 approbare
891 3095 1036 3164 conferens
1054 3095 1169 3150 Domino
1187 3127 1221 3134 --
1235 3097 1318 3150 Zetta
1335 3106 1365 3152 et

266 3181 288 3214 ³¹
306 3182 344 3234 M.
366 3181 415 3235 sect
437 3187 468 3234 ct
492 3196 585 3233 eruam
610 3209 640 3219 -
668 3179 699 3232 L.
725 3179 774 3233 sed
891 3181 1069 3244 recentiores,
1105 3181 1164 3234 sola
1198 3183 1363 3238 auctoritate

307 3271 381 3319 utet
406 3269 504 3318 tuerer.
540 3264 631 3317 Verba
662 3263 710 3317 sed
743 3269 773 3316 ut
892 3269 981 3319 textus
1006 3265 1168 3330 Bibliorum,
1198 3281 1277 3334 quem
1303 3269 1365 3322 vul-

307 3366 427 3404 eruerem
462 3349 580 3402 animem
619 3364 704 3400 mecm
740 3348 773 3401 de
910 3354 970 3403 atae
994 3349 1068 3403 editt.
1094 3349 1222 3404 exhibent
1263 3351 1305 3404 uti
1322 3353 1364 3405 vi-

307 3439 400 3507 morle,
418 3449 451 3488 ex
460 3433 566 3486 Psalmo
576 3437 607 3486 33
623 3433 711 3497 (Ceth.
722 3437 773 3498 32.)
892 3364 979 3500 detur,
997 3435 1071 3499 moti,
1090 3451 1160 3504 prece
1178 3390 1297 3504 offertur
1309 3437 1365 3490 Do-

305 3538 330 3573 v.
355 3524 382 3573 19
407 3519 542 3583 desumta,
569 3533 624 3571 non
647 3518 773 3585 leguntur
892 3521 964 3572 mr'uo
991 3550 1024 3558 -
1047 3518 1252 3572 Restituendam
1280 3525 1365 3589 puta-

305 3606 333 3658 in
350 3605 472 3658 Actibus.
891 3603 976 3657 vimus
1026 3603 1168 3658 lectionem
1210 3605 1268 3658 anti
1288 3623 1354 3662 uam

265 3690 288 3723 33
305 3690 341 3743 F:
352 3695 378 3742 et
386 3689 416 3744 P.
429 3705 478 3757 pro
497 3689 597 3757 triplici
614 3707 663 3745 nec
671 3689 773 3744 habent
892 3704 970 3755 quam
1005 3687 1033 3742 in
1068 3688 1188 3742 Levitico
1229 3623 1366 3747 halrluisse

305 3775 340 3828 tri
360 3775 403 3828 lex
420 3791 474 3828 uon
890 3772 993 3826 videtur
1010 3773 1121 3826 Dentes.

265 3859 287 3891 ³⁷
304 3792 477 3929 H.pAmpelus
496 3860 548 3912 istc
566 3859 646 3914 cerba
687 3897 689 3902 η
848 3857 872 3890 33
889 3857 974 3911 Editt.
1002 3865 1102 3912 recent.
1129 3862 1232 3912 textum
1256 3859 1364 3927 Biblio-

264 3943 287 3976 33
304 3945 337 3997 A.
352 3950 518 4013 competente
529 3942 769 4014 judicecppellos.
888 3958 949 3995 rum
972 3942 1148 4011 respicientes
1172 3943 1276 4013 absque
1298 3945 1364 4014 fer-

264 4029 289 4062 ⁴⁰
305 4027 338 4081 V.
357 4027 412 4082 Sed
429 4029 510 4082 etiam
530 4028 720 4082 Constantium
888 4032 976 4081 mento
991 4027 1041 4095 fiet

307 4165 330 4196 ³⁰
346 4162 438 4216 Aeros
456 4164 506 4215 Ar.
532 4177 582 4282 culp
609 4162 720 4216 XXVII.
746 4181 770 4216 v.
790 4167 830 4215 24.
907 4161 1014 4215 ³²1bid.
1040 4177 1098 4230 cap.
1117 4162 1243 4216 XXVIII.
1269 4181 1294 4217 v.
1317 4170 1361 4220 19.

238 4230 479 4298 ³⁷Prun1Epist.
500 4230 539 4283 ad
585 4231 894 4300 hilipp.cap.l.v.·23.
932 4230 1143 4284 ³³[leviticus
1162 4231 1302 4299 cap.lI.v.
1319 4239 1360 4292 11.
