2910 4876
193 156 232 217 70
492 154 628 211 unurrs
645 154 866 211 moniacam
882 156 917 209 11.
937 155 966 210 c.
984 160 1009 210 o.
1168 110 1174 119 ⁸

140 348 190 416 ²52
276 325 455 412 Secundae,
485 326 684 411 Vesoges,
717 347 776 393 rex
803 327 963 414 Aegypti,
996 327 1039 393 ad
1072 328 1133 395 hoe
1167 330 1315 396 bravium

192 429 342 514 spiravit:
365 434 397 497 et
419 429 565 512 quamvis
586 427 754 495 Meridiem
778 434 876 511 atque
899 428 1157 515 Septentrionem
1180 431 1214 496 in
1236 432 1316 498 Asia

191 531 420 616 exagitaverit,
450 537 485 597 ut
506 530 676 598 Orosius
701 537 871 615 memorat,
900 550 1062 613 nunquam
1091 537 1201 600 tamen
1223 531 1314 600 dimi·

164 720 167 724 *
192 633 278 699 diam
299 638 423 719 partem
446 633 532 701 orbis
554 631 707 717 obtinuit,
733 631 873 715 quinimo
896 653 916 698 a
939 631 1085 718 Scythis,
1115 633 1199 702 inter
1222 632 1328 718 quasi

191 736 386 802 athlethetas
398 741 430 802 et
447 735 624 819 terminum,
640 735 683 801 ab
694 734 842 818 incoepto
854 754 912 800 suo
929 735 1098 801 temerario
1110 741 1159 802 est
1170 757 1314 805 aversus.

141 859 174 910 30
274 836 401 905 Deinde
417 837 545 923 Cyrus
567 857 624 903 rex
639 838 807 903 Persarum
822 836 958 903 tentavit
973 835 1043 919 hoc,
1067 837 1130 921 qui,
1146 838 1313 926 Babylone

192 939 363 1024 destructa,
385 939 583 1025 imperioque
605 937 781 1024 Babylonis
802 936 846 1002 ad
860 939 975 1004 Persas
997 939 1161 1023 translato,
1185 962 1244 1008 nec
1259 943 1312 1008 ad-

191 1041 253 1108 hue
273 1048 382 1127 partes
405 1040 620 1107 occidentales
642 1043 808 1123 expertus,
835 1039 895 1105 sub
917 1039 1081 1107 Tamiride
1102 1042 1214 1124 regina
1237 1042 1312 1130 Sey-

190 1144 316 1209 tharum
338 1142 438 1207 vitam
461 1142 556 1208 simul
578 1147 611 1208 et
631 1140 839 1208 intentionem
865 1139 1022 1226 deposuit.

275 1246 352 1310 Post
380 1243 439 1310 hos
468 1264 544 1310 vero
566 1244 738 1326 Xerxes,
768 1241 860 1307 Darii
888 1241 973 1307 filius
1002 1250 1035 1309 et
1060 1264 1118 1310 rex
1140 1244 1173 1309 in
1196 1246 1313 1332 Persis,

141 1369 173 1421 35
192 1366 262 1412 oum
284 1351 374 1410 tanta
395 1345 538 1427 gentium
558 1343 762 1410 multitudine
789 1344 941 1409 mundum
963 1344 1097 1430 invasit,
1128 1366 1201 1412 cum
1222 1352 1313 1413 tanta

191 1449 351 1536 potentia,
381 1452 416 1512 ut
444 1446 612 1512 transitum
639 1445 752 1529 maris,
788 1445 898 1511 Asiam
933 1447 974 1511 ab
1003 1446 1132 1533 Europa
1166 1448 1314 1518 dirimen-

191 1552 248 1633 tis,
280 1552 364 1617 inter
398 1547 514 1615 Seston
548 1553 580 1613 et
613 1547 769 1633 Abydon,
810 1552 907 1632 ponte
948 1548 1154 1633 superaverit.
1214 1549 1315 1635 Cujus

218 1754 242 1786 ²⁵
257 1752 288 1806 P.
314 1750 373 1806 See.
406 1750 522 1806 Vesozes
547 1780 582 1789 —
606 1749 644 1803 M.
664 1747 725 1804 See.
844 1747 988 1810 atheletas,
1025 1754 1052 1803 et
1078 1766 1128 1820 pro
1156 1752 1314 1818 terminum,

266 1837 377 1891 Veseses
393 1835 469 1888 -A.
488 1833 548 1889 Sec.
573 1833 726 1888 Vesotes-
843 1832 876 1886 L.
894 1834 1036 1887 terimaum

258 1921 290 1975 L.
316 1920 375 1975 See.
405 1920 516 1974 Veloecs
549 1950 584 1959 —
617 1919 651 1972 H.
678 1918 727 1973 sed
805 1917 828 1951 ³⁰
845 1917 915 1972 Edd.
934 1917 1080 1973 Persarum
1098 1936 1152 1974 rex

258 2002 605 2060 Smesortes—F.V.Sec.
625 2004 726 2058 Xerses
861 2001 893 2055 F.
912 2004 1039 2057 recrevit
1056 2002 1108 2058 boc

260 2121 291 2131 -
309 2091 400 2144 Etiam
422 2090 451 2143 in
469 2089 558 2145 Orosii
581 2094 608 2143 et
625 2088 727 2143 iustini
804 2087 827 2119 ³¹
845 2086 915 2142 Edd.
934 2103 984 2141 nee
1001 2088 1109 2158 quidem
1127 2088 1219 2144 adbuc

259 2176 303 2241 (II.
327 2180 362 2240 3.)
392 2173 468 2229 codd.
497 2173 584 2228 variat
610 2172 725 2228 nominis
804 2171 828 2203 ³²
846 2170 983 2226 Tamiride
999 2172 1126 2227 exhibent
1142 2173 1175 2227 F.
1185 2174 1219 2228 H.
1232 2175 1271 2229 M.
1282 2176 1315 2230 V.

259 2259 401 2330 scriptura.
845 2286 879 2295 —
904 2255 1059 2311 ibemiride
1087 2261 1159 2323 (cum
1185 2259 1316 2316 Vnnxaro

216 2346 240 2378 ²⁶
256 2345 287 2399 P.
306 2344 439 2414 aspiravit
844 2340 963 2395 Maxumo
980 2341 1028 2394 IX.
1049 2346 1087 2395 10.
1107 2348 1160 2396 ext.
1182 2348 1215 2410 1.)
1234 2345 1268 2397 A.
1284 2346 1316 2399 P.

216 2429 240 2462 2⁷
256 2429 287 2483 P.
305 2443 355 2497 pro
380 2430 562 2501 exepr'teverr't
584 2428 666 2482 habet
688 2444 726 2483 eac
845 2456 879 2462 —
913 2424 1072 2481 ibemerr'de
1088 2426 1122 2481 L.
1150 2456 1182 2466 -
1212 2428 1319 2484 Temr'rr'

258 2512 363 2584 Epipto
380 2515 453 2567 venit
845 2510 949 2565 Auctor
963 2515 1055 2565 noster
1072 2510 1190 2581 inPurg.
1200 2513 1264 2567 XII.
1276 2520 1316 2570 56.

217 2598 242 2630 ²⁸
257 2597 295 2651 Μ.
310 2596 448 2651 dimidiam
461 2603 573 2670 partem
586 2596 724 2652 maadi-
843 2594 1029 2650 —Eddcum
1039 2595 1224 2651 ansroII.7.
1242 2599 1315 2654 aliis-

258 2681 291 2735 F.
309 2681 402 2737 dimid.
422 2683 495 2738 orbis
845 2694 897 2748 que
916 2679 1051 2735 Tomr’rr‘de

216 2768 247 2835 ²⁸,
267 2768 291 2800 ²⁹
306 2767 399 2822 Verba
416 2769 486 2822 inter
504 2767 585 2837 quasi
595 2798 624 2806 -
635 2765 725 2821 termi-
803 2764 827 2797 ³³
843 2764 878 2817 H.
896 2764 929 2818 L.
945 2764 983 2818 M.
997 2766 1030 2820 V.
1040 2767 1115 2819 -A
1135 2767 1217 2822 vitem
1234 2769 1317 2823 simol

257 2868 334 2918 nem,
361 2867 431 2921 quae
448 2867 535 2920 neque
556 2850 629 2920 apud
651 2849 725 2904 Fici·
844 2856 870 2903 et
887 2849 1114 2905 detentione-F.
1132 2851 1163 2906 P.
1183 2854 1240 2907 osta
1256 2855 1314 2908 sim.

1416 2767 1428 2912 s

256 2950 443 3005 numaeque
468 2937 496 2990 in
523 2936 597 2991 editt.
622 2935 725 2989 haben-
844 2938 870 2987 ct
897 2934 1046 2989 intentione
1072 2966 1104 2973 —
1131 2936 1203 2991 Edd.
1232 2940 1312 2992 vitam
1408 2912 1418 3033 f

257 3027 309 3085 tur,
327 3022 446 3075 auctoris
466 3036 540 3085 esse,
566 3020 658 3089 nequit
675 3019 724 3073 du·
768 3085 770 3090 ,
843 3018 927 3072 simol
943 3034 1004 3073 eum
1022 3021 1172 3076 intentione

257 3104 346 3164 bitari.
364 3106 524 3175 quum‚plus
534 3105 655 3159 minusve
665 3120 725 3159 cor·
803 3103 828 3135 ³⁵
844 3102 879 3157 H.
898 3104 999 3157 invasit
1015 3109 1042 3157 et
1058 3121 1119 3159 eum

258 3195 353 3259 rupta,
386 3189 415 3243 in
440 3190 564 3245 omnibus
589 3189 723 3258 legantur.
802 3187 826 3221 ³⁶
843 3189 974 3242 transitus
991 3190 1076 3243 meris
1098 3190 1201 3246 habent
1220 3207 1310 3247 omnes

257 3273 377 3328 Exstant
395 3275 485 3343 qualia
507 3276 536 3328 in
554 3278 630 3328 textu
648 3273 724 3327 exhi-
843 3272 920 3328 codd.

258 3359 357 3413 bentur
373 3360 401 3414 in
418 3360 451 3413 F.
469 3359 499 3412 P.
518 3365 544 3413 et
561 3359 594 3412 V.
612 3389 646 3397 -
668 3359 722 3413 Pro
800 3357 823 3390 ³⁷
839 3357 910 3412 Edd.
928 3363 983 3412 ant.
1002 3357 1127 3429 Abydum

259 3445 341 3513 quasi
355 3444 388 3497 A.
412 3445 494 3499 habet
512 3459 595 3515 qaas,
618 3443 651 3496 H.
671 3459 724 3514 que
858 3443 890 3496 L.
903 3449 1016 3515 pontem
1034 3459 1094 3514 sap.

257 3559 292 3568 —
307 3529 361 3584 Pro
379 3527 538 3595 athletetaa
559 3527 591 3580 V.
610 3525 723 3581 athleta·
861 3528 891 3581 P.
909 3527 941 3581 V.
960 3530 1101 3600 superavit

259 3621 314 3678 tas,
341 3614 372 3666 L.
396 3619 425 3668 et
449 3614 488 3667 M.
511 3610 663 3677 arbetetus,
690 3612 723 3666 A.

260 3800 282 3831 ²⁷
301 3797 418 3854 Onosms
439 3799 542 3854 Hister.
565 3798 586 3851 1.
613 3803 652 3852 14.
740 3797 764 3830 ²⁰
787 3798 944 3852 Auororram
970 3797 998 3851 id
1021 3797 1173 3867 significare
1196 3800 1307 3855 voluisse
1347 3828 1348 3837 κ

190 3872 271 3948 puto,
296 3867 368 3934 quod
386 3868 504 3935 Vesoges
523 3866 574 3931 (rel
590 3866 716 3931 Vexoris)
743 3865 778 3919 ad
801 3866 921 3920 ultimam
947 3867 1005 3935 Jam
1027 3865 1083 3921 iere
1106 3872 1218 3934 metam,
1242 3870 1308 3924 inter

189 3936 294 4003 Judrces
312 3935 464 3990 certaminis
484 3943 511 3989 et
528 3937 616 4004 ipsum
633 3935 784 4000 terminum,
802 3935 961 4003 pervenerit,
981 3951 1062 4002 quum
1080 3935 1213 4005 aScytbis
1232 3952 1306 4007 supe·
1337 3972 1338 3982 .

191 4008 305 4058 raretur.
339 4004 440 4058 Vocem
458 4002 667 4058 atlrtotbeteram
689 4018 721 4057 ex
737 4003 924 4058 Aarsrorxxrs
948 4002 1011 4057 Etb.
1036 4002 1140 4058 Nicom.
1160 4004 1181 4058 I.
1200 4010 1224 4059 2.
1242 4007 1306 4060 hau·

192 4071 257 4126 sisse
274 4070 379 4125 ridetur
397 4078 495 4126 noster.
1320 4098 1328 4108 .

1397 3044 1408 3172 i

1382 3175 1399 3325 i
