<?xml version="1.0" encoding="UTF-8"?>
<!DOCTYPE html PUBLIC "-//W3C//DTD XHTML 1.0 Transitional//EN"
    "http://www.w3.org/TR/xhtml1/DTD/xhtml1-transitional.dtd">
<html xmlns="http://www.w3.org/1999/xhtml" xml:lang="en" lang="en">
 <head>
  <title>
</title>
<meta http-equiv="Content-Type" content="text/html;charset=utf-8" />
  <meta name='ocr-system' content='tesseract 3.04.00' />
  <meta name='ocr-capabilities' content='ocr_page ocr_carea ocr_par ocr_line ocrx_word'/>
</head>
<body>
  <div class='ocr_page' id='page_1' title='image "./dantisalligheri02wittgoog_0126.png"; bbox 0 0 2902 4874; ppageno 0'>
   <div class='ocr_carea' id='block_1_1' title="bbox 324 314 1185 388">
    <p class='ocr_par' dir='ltr' id='par_1_1' title="bbox 324 314 1185 388">
     <span class='ocr_line' id='line_1_1' title="bbox 324 314 1185 388; baseline 0 -12"><span class='ocrx_word' id='word_1_1' title='bbox 324 321 459 378; x_wconf 85' lang='lat' dir='ltr'>DANTIS</span> <span class='ocrx_word' id='word_1_2' title='bbox 477 321 696 378; x_wconf 84' lang='lat' dir='ltr'><strong>MONARCHIA</strong></span> <span class='ocrx_word' id='word_1_3' title='bbox 713 319 733 374; x_wconf 93' lang='lat' dir='ltr'>I.</span> <span class='ocrx_word' id='word_1_4' title='bbox 755 322 784 378; x_wconf 81' lang='lat' dir='ltr'>O.</span> <span class='ocrx_word' id='word_1_5' title='bbox 807 328 845 377; x_wconf 85' lang='lat'>15.</span> <span class='ocrx_word' id='word_1_6' title='bbox 864 325 926 388; x_wconf 83' lang='lat' dir='ltr'>(ll.)</span> <span class='ocrx_word' id='word_1_7' title='bbox 1146 314 1185 376; x_wconf 86' lang='lat'>31</span> 
     </span>
    </p>
   </div>
   <div class='ocr_carea' id='block_1_2' title="bbox 16 489 1234 1102">
    <p class='ocr_par' dir='ltr' id='par_1_2' title="bbox 16 489 1234 988">
     <span class='ocr_line' id='line_1_2' title="bbox 33 489 1188 580; baseline -0.002 -22"><span class='ocrx_word' id='word_1_8' title='bbox 33 489 142 561; x_wconf 91' lang='lat' dir='ltr'>boni</span> <span class='ocrx_word' id='word_1_9' title='bbox 163 496 305 579; x_wconf 92' lang='lat' dir='ltr'>ponebat</span> <span class='ocrx_word' id='word_1_10' title='bbox 333 514 444 578; x_wconf 89' lang='lat' dir='ltr'>unum,</span> <span class='ocrx_word' id='word_1_11' title='bbox 474 517 515 563; x_wconf 82' lang='lat' dir='ltr'>ex</span> <span class='ocrx_word' id='word_1_12' title='bbox 543 501 634 580; x_wconf 86' lang='lat' dir='ltr'>parte</span> <span class='ocrx_word' id='word_1_13' title='bbox 657 515 732 562; x_wconf 89' lang='lat' dir='ltr'>vero</span> <span class='ocrx_word' id='word_1_14' title='bbox 755 494 832 559; x_wconf 91' lang='lat' dir='ltr'>mali</span> <span class='ocrx_word' id='word_1_15' title='bbox 853 492 961 576; x_wconf 93' lang='lat' dir='ltr'>plura,</span> <span class='ocrx_word' id='word_1_16' title='bbox 992 496 1025 556; x_wconf 93' lang='lat' dir='ltr'>ut</span> <span class='ocrx_word' id='word_1_17' title='bbox 1046 496 1135 576; x_wconf 91' lang='lat' dir='ltr'>patet</span> <span class='ocrx_word' id='word_1_18' title='bbox 1155 491 1188 556; x_wconf 92' lang='lat' dir='ltr'>in</span> 
     </span>
     <span class='ocr_line' id='line_1_3' title="bbox 23 593 1186 682; baseline -0.003 -21"><span class='ocrx_word' id='word_1_19' title='bbox 23 596 167 677; x_wconf 87' lang='lat' dir='ltr'>primo</span> <span class='ocrx_word' id='word_1_20' title='bbox 192 617 309 681; x_wconf 90' lang='lat' dir='ltr'>corum,</span> <span class='ocrx_word' id='word_1_21' title='bbox 332 617 414 680; x_wconf 88' lang='lat' dir='ltr'>quac</span> <span class='ocrx_word' id='word_1_22' title='bbox 436 597 476 663; x_wconf 93' lang='lat' dir='ltr'>de</span> <span class='ocrx_word' id='word_1_23' title='bbox 497 596 683 682; x_wconf 91' lang='lat' dir='ltr'>simpliciter</span> <span class='ocrx_word' id='word_1_24' title='bbox 703 596 793 663; x_wconf 85' lang='lat' dir='ltr'>Ente.</span> <span class='ocrx_word' id='word_1_25' title='bbox 838 594 921 659; x_wconf 92' lang='lat' dir='ltr'>Hinc</span> <span class='ocrx_word' id='word_1_26' title='bbox 942 593 1046 660; x_wconf 87' lang='lat' dir='ltr'>videri</span> <span class='ocrx_word' id='word_1_27' title='bbox 1071 600 1186 679; x_wconf 90' lang='lat' dir='ltr'>potest,</span> 
     </span>
     <span class='ocr_line' id='line_1_4' title="bbox 25 696 1187 783; baseline 0.001 -20"><span class='ocrx_word' id='word_1_28' title='bbox 25 697 151 780; x_wconf 86' lang='lat' dir='ltr'>quod</span> <span class='ocrx_word' id='word_1_29' title='bbox 173 719 308 782; x_wconf 89' lang='lat' dir='ltr'>peccare</span> <span class='ocrx_word' id='word_1_30' title='bbox 329 699 409 765; x_wconf 90' lang='lat' dir='ltr'>nihil</span> <span class='ocrx_word' id='word_1_31' title='bbox 431 704 480 765; x_wconf 98' lang='grc' dir='ltr'>θεῖ</span> <span class='ocrx_word' id='word_1_32' title='bbox 505 698 608 782; x_wconf 88' lang='lat' dir='ltr'>aliud,</span> <span class='ocrx_word' id='word_1_33' title='bbox 638 718 733 781; x_wconf 88' lang='lat' dir='ltr'>quam</span> <span class='ocrx_word' id='word_1_34' title='bbox 761 696 910 783; x_wconf 81' lang='lat' dir='ltr'>progredi</span> <span class='ocrx_word' id='word_1_35' title='bbox 932 697 973 761; x_wconf 97' lang='lat' dir='ltr'>ab</span> <span class='ocrx_word' id='word_1_36' title='bbox 996 715 1059 763; x_wconf 93' lang='lat' dir='ltr'>uno</span> <span class='ocrx_word' id='word_1_37' title='bbox 1081 701 1187 783; x_wconf 90' lang='lat' dir='ltr'>spreto</span> 
     </span>
     <span class='ocr_line' id='line_1_5' title="bbox 23 797 1234 886; baseline -0.003 -21"><span class='ocrx_word' id='word_1_38' title='bbox 23 801 101 866; x_wconf 82' lang='lat' dir='ltr'>ad</span> <span class='ocrx_word' id='word_1_39' title='bbox 127 804 245 886; x_wconf 73' lang='lat' dir='ltr'>multa,</span> <span class='ocrx_word' id='word_1_40' title='bbox 271 800 357 882; x_wconf 90' lang='lat' dir='ltr'>quod</span> <span class='ocrx_word' id='word_1_41' title='bbox 376 800 504 883; x_wconf 92' lang='lat' dir='ltr'>quidem</span> <span class='ocrx_word' id='word_1_42' title='bbox 518 801 691 866; x_wconf 86' lang='lat' dir='ltr'>Psalmista</span> <span class='ocrx_word' id='word_1_43' title='bbox 712 799 851 882; x_wconf 88' lang='lat' dir='ltr'>videbat,</span> <span class='ocrx_word' id='word_1_44' title='bbox 874 797 997 864; x_wconf 89' lang='lat' dir='ltr'>dicens:</span> <span class='ocrx_word' id='word_1_45' title='bbox 1020 797 1070 882; x_wconf 90' lang='lat' dir='ltr'>„A</span> <span class='ocrx_word' id='word_1_46' title='bbox 1083 799 1186 864; x_wconf 87' lang='lat' dir='ltr'>fructu</span> <span class='ocrx_word' id='word_1_47' title='bbox 1205 811 1234 861; x_wconf 79' lang='lat'>1⁵</span> 
     </span>
     <span class='ocr_line' id='line_1_6' title="bbox 16 901 858 988; baseline -0.005 -19"><span class='ocrx_word' id='word_1_48' title='bbox 16 901 223 988; x_wconf 84' lang='lat' dir='ltr'>frumenti,</span> <span class='ocrx_word' id='word_1_49' title='bbox 246 903 321 986; x_wconf 80' lang='lat' dir='ltr'>vini,</span> <span class='ocrx_word' id='word_1_50' title='bbox 345 908 377 970; x_wconf 88' lang='grc' dir='ltr'>θῖ</span> <span class='ocrx_word' id='word_1_51' title='bbox 399 903 461 970; x_wconf 83' lang='grc' dir='ltr'>01θί</span> <span class='ocrx_word' id='word_1_52' title='bbox 483 902 686 987; x_wconf 91' lang='lat' dir='ltr'>multiplicati</span> <span class='ocrx_word' id='word_1_53' title='bbox 708 901 808 967; x_wconf 91' lang='lat' dir='ltr'>sunt“.</span> <span class='ocrx_word' id='word_1_54' title='bbox 854 936 858 953; x_wconf 82' lang='lat'><em>=</em></span> 
     </span>
    </p>

    <p class='ocr_par' dir='ltr' id='par_1_3' title="bbox 149 1002 1186 1102">
     <span class='ocr_line' id='line_1_7' title="bbox 149 1002 1186 1102; baseline -0.005 -31"><span class='ocrx_word' id='word_1_55' title='bbox 149 1004 283 1072; x_wconf 82' lang='lat' dir='ltr'>Constat</span> <span class='ocrx_word' id='word_1_56' title='bbox 303 1004 409 1088; x_wconf 85' lang='lat' dir='ltr'>igitur,</span> <span class='ocrx_word' id='word_1_57' title='bbox 427 1004 519 1102; x_wconf 51' lang='lat' dir='ltr'>xquod</span> <span class='ocrx_word' id='word_1_58' title='bbox 540 1025 632 1072; x_wconf 91' lang='lat' dir='ltr'>omne</span> <span class='ocrx_word' id='word_1_59' title='bbox 655 1004 742 1085; x_wconf 88' lang='lat' dir='ltr'>quod</span> <span class='ocrx_word' id='word_1_60' title='bbox 763 1008 812 1070; x_wconf 90' lang='lat' dir='ltr'>cst</span> <span class='ocrx_word' id='word_1_61' title='bbox 835 1005 959 1087; x_wconf 92' lang='lat' dir='ltr'>bonum,</span> <span class='ocrx_word' id='word_1_62' title='bbox 982 1022 1040 1088; x_wconf 90' lang='lat' dir='ltr'>per</span> <span class='ocrx_word' id='word_1_63' title='bbox 1055 1002 1116 1068; x_wconf 92' lang='lat' dir='ltr'>hoc</span> <span class='ocrx_word' id='word_1_64' title='bbox 1137 1008 1186 1067; x_wconf 90' lang='lat' dir='ltr'>est</span> 
     </span>
    </p>
   </div>
   <div class='ocr_carea' id='block_1_3' title="bbox 16 1104 1233 3026">
    <p class='ocr_par' dir='ltr' id='par_1_4' title="bbox 16 1104 1233 3026">
     <span class='ocr_line' id='line_1_8' title="bbox 16 1104 1186 1189; baseline -0.004 -16"><span class='ocrx_word' id='word_1_65' title='bbox 16 1105 192 1188; x_wconf 72' lang='lat' dir='ltr'>bonum,</span> <span class='ocrx_word' id='word_1_66' title='bbox 210 1104 295 1186; x_wconf 94' lang='lat' dir='ltr'>quod</span> <span class='ocrx_word' id='word_1_67' title='bbox 309 1106 342 1170; x_wconf 91' lang='lat' dir='ltr'>in</span> <span class='ocrx_word' id='word_1_68' title='bbox 356 1126 419 1173; x_wconf 91' lang='lat' dir='ltr'>uno</span> <span class='ocrx_word' id='word_1_69' title='bbox 435 1106 586 1173; x_wconf 92' lang='lat' dir='ltr'>consistit.</span> <span class='ocrx_word' id='word_1_70' title='bbox 622 1105 665 1170; x_wconf 84' lang='lat' dir='ltr'>Et</span> <span class='ocrx_word' id='word_1_71' title='bbox 680 1125 777 1187; x_wconf 91' lang='lat' dir='ltr'>quum</span> <span class='ocrx_word' id='word_1_72' title='bbox 792 1105 969 1189; x_wconf 89' lang='lat' dir='ltr'>concordia,</span> <span class='ocrx_word' id='word_1_73' title='bbox 984 1105 1017 1169; x_wconf 94' lang='lat' dir='ltr'>in</span> <span class='ocrx_word' id='word_1_74' title='bbox 1033 1108 1186 1185; x_wconf 91' lang='lat' dir='ltr'>quantum</span> 
     </span>
     <span class='ocr_line' id='line_1_9' title="bbox 16 1206 1183 1291; baseline -0.003 -17"><span class='ocrx_word' id='word_1_75' title='bbox 16 1206 254 1291; x_wconf 74' lang='lat' dir='ltr'>huiusmodi,</span> <span class='ocrx_word' id='word_1_76' title='bbox 278 1211 327 1274; x_wconf 92' lang='lat' dir='ltr'>cst</span> <span class='ocrx_word' id='word_1_77' title='bbox 349 1207 509 1289; x_wconf 84' lang='lat' dir='ltr'><strong>quoddam</strong></span> <span class='ocrx_word' id='word_1_78' title='bbox 531 1208 658 1291; x_wconf 93' lang='lat' dir='ltr'>bonum,</span> <span class='ocrx_word' id='word_1_79' title='bbox 685 1208 884 1274; x_wconf 84' lang='lat' dir='ltr'>manifestum</span> <span class='ocrx_word' id='word_1_80' title='bbox 907 1211 964 1291; x_wconf 92' lang='lat' dir='ltr'>est,</span> <span class='ocrx_word' id='word_1_81' title='bbox 986 1207 1089 1290; x_wconf 82' lang='lat' dir='ltr'>ipsam</span> <span class='ocrx_word' id='word_1_82' title='bbox 1112 1227 1183 1272; x_wconf 90' lang='lat' dir='ltr'>con-</span> 
     </span>
     <span class='ocr_line' id='line_1_10' title="bbox 17 1308 1233 1394; baseline -0.006 -17"><span class='ocrx_word' id='word_1_83' title='bbox 17 1312 175 1377; x_wconf 72' lang='lat' dir='ltr'>sistere</span> <span class='ocrx_word' id='word_1_84' title='bbox 197 1311 230 1374; x_wconf 94' lang='lat' dir='ltr'>in</span> <span class='ocrx_word' id='word_1_85' title='bbox 251 1310 358 1392; x_wconf 91' lang='lat' dir='ltr'>aliquo</span> <span class='ocrx_word' id='word_1_86' title='bbox 374 1330 445 1394; x_wconf 94' lang='lat' dir='ltr'>uno,</span> <span class='ocrx_word' id='word_1_87' title='bbox 473 1315 637 1391; x_wconf 91' lang='lat' dir='ltr'>tamquam</span> <span class='ocrx_word' id='word_1_88' title='bbox 658 1309 690 1373; x_wconf 93' lang='lat' dir='ltr'>in</span> <span class='ocrx_word' id='word_1_89' title='bbox 704 1310 833 1394; x_wconf 89' lang='lat' dir='ltr'>propria</span> <span class='ocrx_word' id='word_1_90' title='bbox 847 1310 964 1376; x_wconf 88' lang='lat' dir='ltr'>radice.</span> <span class='ocrx_word' id='word_1_91' title='bbox 1009 1310 1098 1389; x_wconf 79' lang='lat' dir='ltr'>Quae</span> <span class='ocrx_word' id='word_1_92' title='bbox 1114 1308 1183 1390; x_wconf 89' lang='lat' dir='ltr'>qui·</span> <span class='ocrx_word' id='word_1_93' title='bbox 1201 1320 1233 1370; x_wconf 79' lang='lat'>20</span> 
     </span>
     <span class='ocr_line' id='line_1_11' title="bbox 18 1410 1180 1497; baseline -0.001 -20"><span class='ocrx_word' id='word_1_94' title='bbox 18 1412 133 1479; x_wconf 80' lang='lat' dir='ltr'>dem</span> <span class='ocrx_word' id='word_1_95' title='bbox 156 1411 250 1476; x_wconf 85' lang='lat' dir='ltr'>radix</span> <span class='ocrx_word' id='word_1_96' title='bbox 272 1412 450 1497; x_wconf 83' lang='lat' dir='ltr'>apparebit,</span> <span class='ocrx_word' id='word_1_97' title='bbox 473 1412 500 1478; x_wconf 92' lang='lat' dir='ltr'>si</span> <span class='ocrx_word' id='word_1_98' title='bbox 522 1418 634 1476; x_wconf 91' lang='lat' dir='ltr'>natura</span> <span class='ocrx_word' id='word_1_99' title='bbox 656 1413 709 1477; x_wconf 91' lang='lat' dir='ltr'>vel</span> <span class='ocrx_word' id='word_1_100' title='bbox 732 1413 813 1478; x_wconf 93' lang='lat' dir='ltr'>ratio</span> <span class='ocrx_word' id='word_1_101' title='bbox 828 1410 1016 1478; x_wconf 80' lang='lat' dir='ltr'>concordiae</span> <span class='ocrx_word' id='word_1_102' title='bbox 1031 1416 1180 1476; x_wconf 91' lang='lat' dir='ltr'>sumatur.</span> 
     </span>
     <span class='ocr_line' id='line_1_12' title="bbox 16 1509 1182 1597; baseline 0 -20"><span class='ocrx_word' id='word_1_103' title='bbox 16 1509 115 1579; x_wconf 79' lang='lat' dir='ltr'>Ilst</span> <span class='ocrx_word' id='word_1_104' title='bbox 140 1514 227 1580; x_wconf 90' lang='lat' dir='ltr'>enim</span> <span class='ocrx_word' id='word_1_105' title='bbox 243 1514 421 1595; x_wconf 90' lang='lat' dir='ltr'>concordia,</span> <span class='ocrx_word' id='word_1_106' title='bbox 445 1515 606 1581; x_wconf 87' lang='lat' dir='ltr'>uniformis</span> <span class='ocrx_word' id='word_1_107' title='bbox 628 1520 732 1581; x_wconf 86' lang='lat' dir='ltr'>motus</span> <span class='ocrx_word' id='word_1_108' title='bbox 753 1513 891 1597; x_wconf 91' lang='lat' dir='ltr'>plurium</span> <span class='ocrx_word' id='word_1_109' title='bbox 912 1514 1126 1596; x_wconf 89' lang='lat' dir='ltr'>voluntatum;</span> <span class='ocrx_word' id='word_1_110' title='bbox 1150 1513 1182 1577; x_wconf 93' lang='lat' dir='ltr'>in</span> 
     </span>
     <span class='ocr_line' id='line_1_13' title="bbox 22 1614 1183 1702; baseline -0.001 -22"><span class='ocrx_word' id='word_1_111' title='bbox 22 1635 123 1697; x_wconf 71' lang='lat' dir='ltr'>(pua</span> <span class='ocrx_word' id='word_1_112' title='bbox 146 1614 277 1697; x_wconf 89' lang='lat' dir='ltr'>quidem</span> <span class='ocrx_word' id='word_1_113' title='bbox 298 1617 420 1683; x_wconf 89' lang='lat' dir='ltr'>ratione</span> <span class='ocrx_word' id='word_1_114' title='bbox 442 1623 592 1702; x_wconf 90' lang='lat' dir='ltr'>apparet,</span> <span class='ocrx_word' id='word_1_115' title='bbox 614 1616 768 1683; x_wconf 89' lang='lat' dir='ltr'>unitatem</span> <span class='ocrx_word' id='word_1_116' title='bbox 790 1616 997 1699; x_wconf 88' lang='lat' dir='ltr'>voluntatum,</span> <span class='ocrx_word' id='word_1_117' title='bbox 1022 1634 1103 1698; x_wconf 88' lang='lat' dir='ltr'>quac</span> <span class='ocrx_word' id='word_1_118' title='bbox 1125 1634 1183 1698; x_wconf 92' lang='lat' dir='ltr'>pcr</span> 
     </span>
     <span class='ocr_line' id='line_1_14' title="bbox 16 1717 1181 1801; baseline 0 -18"><span class='ocrx_word' id='word_1_119' title='bbox 16 1717 249 1785; x_wconf 67' lang='lat' dir='ltr'>uniformem</span> <span class='ocrx_word' id='word_1_120' title='bbox 269 1723 389 1783; x_wconf 91' lang='lat' dir='ltr'>motum</span> <span class='ocrx_word' id='word_1_121' title='bbox 416 1718 509 1783; x_wconf 91' lang='lat' dir='ltr'>datur</span> <span class='ocrx_word' id='word_1_122' title='bbox 536 1718 688 1801; x_wconf 85' lang='lat' dir='ltr'>intelligi,</span> <span class='ocrx_word' id='word_1_123' title='bbox 719 1718 905 1785; x_wconf 83' lang='lat' dir='ltr'>concordiae</span> <span class='ocrx_word' id='word_1_124' title='bbox 933 1718 1072 1783; x_wconf 89' lang='lat' dir='ltr'>radicem</span> <span class='ocrx_word' id='word_1_125' title='bbox 1102 1736 1181 1800; x_wconf 89' lang='lat' dir='ltr'>esse,</span> 
     </span>
     <span class='ocr_line' id='line_1_15' title="bbox 20 1818 1231 1903; baseline -0.007 -17"><span class='ocrx_word' id='word_1_126' title='bbox 20 1822 109 1886; x_wconf 52' lang='lat' dir='ltr'>wel</span> <span class='ocrx_word' id='word_1_127' title='bbox 134 1821 240 1902; x_wconf 82' lang='lat' dir='ltr'>ipsam</span> <span class='ocrx_word' id='word_1_128' title='bbox 263 1819 472 1886; x_wconf 90' lang='lat' dir='ltr'>concordiam.</span> <span class='ocrx_word' id='word_1_129' title='bbox 516 1821 600 1886; x_wconf 89' lang='lat' dir='ltr'>Nam</span> <span class='ocrx_word' id='word_1_130' title='bbox 622 1821 702 1886; x_wconf 89' lang='lat' dir='ltr'>sicut</span> <span class='ocrx_word' id='word_1_131' title='bbox 729 1820 838 1903; x_wconf 91' lang='lat' dir='ltr'>plures</span> <span class='ocrx_word' id='word_1_132' title='bbox 866 1821 978 1903; x_wconf 85' lang='lat' dir='ltr'>glebas</span> <span class='ocrx_word' id='word_1_133' title='bbox 1004 1818 1181 1884; x_wconf 88' lang='lat' dir='ltr'>diceremus</span> <span class='ocrx_word' id='word_1_134' title='bbox 1198 1828 1231 1879; x_wconf 75' lang='lat'>23</span> 
     </span>
     <span class='ocr_line' id='line_1_16' title="bbox 26 1912 1181 2007; baseline -0.001 -19"><span class='ocrx_word' id='word_1_135' title='bbox 26 1922 244 2007; x_wconf 70' lang='lat' dir='ltr'>(concordes,</span> <span class='ocrx_word' id='word_1_136' title='bbox 261 1926 391 2007; x_wconf 92' lang='lat' dir='ltr'>propter</span> <span class='ocrx_word' id='word_1_137' title='bbox 406 1921 659 1989; x_wconf 87' lang='lat' dir='ltr'>condescendere</span> <span class='ocrx_word' id='word_1_138' title='bbox 675 1939 783 1988; x_wconf 93' lang='lat' dir='ltr'>omnes</span> <span class='ocrx_word' id='word_1_139' title='bbox 798 1920 841 1985; x_wconf 93' lang='lat' dir='ltr'>ad</span> <span class='ocrx_word' id='word_1_140' title='bbox 855 1912 1005 2006; x_wconf 91' lang='lat' dir='ltr'>medium,</span> <span class='ocrx_word' id='word_1_141' title='bbox 1022 1926 1060 1988; x_wconf 72' lang='lat' dir='ltr'>&#39;et</span> <span class='ocrx_word' id='word_1_142' title='bbox 1073 1920 1181 2004; x_wconf 90' lang='lat' dir='ltr'>plures</span> 
     </span>
     <span class='ocr_line' id='line_1_17' title="bbox 20 2022 1181 2110; baseline -0.003 -21"><span class='ocrx_word' id='word_1_143' title='bbox 20 2023 205 2091; x_wconf 73' lang='lat' dir='ltr'>ilammas</span> <span class='ocrx_word' id='word_1_144' title='bbox 233 2030 363 2110; x_wconf 91' lang='lat' dir='ltr'>propter</span> <span class='ocrx_word' id='word_1_145' title='bbox 392 2022 602 2091; x_wconf 91' lang='lat' dir='ltr'>coascendere</span> <span class='ocrx_word' id='word_1_146' title='bbox 632 2042 740 2089; x_wconf 91' lang='lat' dir='ltr'>omnes</span> <span class='ocrx_word' id='word_1_147' title='bbox 762 2023 805 2087; x_wconf 91' lang='lat' dir='ltr'>ad</span> <span class='ocrx_word' id='word_1_148' title='bbox 827 2023 1124 2105; x_wconf 86' lang='lat' dir='ltr'>circumferentiam,</span> <span class='ocrx_word' id='word_1_149' title='bbox 1154 2022 1181 2086; x_wconf 92' lang='lat' dir='ltr'>si</span> 
     </span>
     <span class='ocr_line' id='line_1_18' title="bbox 28 2119 1179 2210; baseline -0.004 -18"><span class='ocrx_word' id='word_1_150' title='bbox 28 2127 239 2196; x_wconf 52' lang='lat' dir='ltr'>voluntarie</span> <span class='ocrx_word' id='word_1_151' title='bbox 255 2128 315 2192; x_wconf 91' lang='lat' dir='ltr'>hoc</span> <span class='ocrx_word' id='word_1_152' title='bbox 329 2127 483 2209; x_wconf 87' lang='lat' dir='ltr'>facerent;</span> <span class='ocrx_word' id='word_1_153' title='bbox 507 2126 552 2190; x_wconf 88' lang='lat' dir='ltr'>ita</span> <span class='ocrx_word' id='word_1_154' title='bbox 568 2125 712 2192; x_wconf 88' lang='lat' dir='ltr'>homines</span> <span class='ocrx_word' id='word_1_155' title='bbox 727 2126 835 2210; x_wconf 91' lang='lat' dir='ltr'>plures</span> <span class='ocrx_word' id='word_1_156' title='bbox 850 2126 1021 2192; x_wconf 90' lang='lat' dir='ltr'>concordes</span> <span class='ocrx_word' id='word_1_157' title='bbox 1037 2119 1179 2206; x_wconf 88' lang='lat' dir='ltr'>dicimus,</span> 
     </span>
     <span class='ocr_line' id='line_1_19' title="bbox 21 2226 1179 2314; baseline -0.006 -18"><span class='ocrx_word' id='word_1_158' title='bbox 21 2237 188 2314; x_wconf 68' lang='lat' dir='ltr'>jtroptcr</span> <span class='ocrx_word' id='word_1_159' title='bbox 216 2229 308 2294; x_wconf 89' lang='lat' dir='ltr'>simul</span> <span class='ocrx_word' id='word_1_160' title='bbox 337 2228 458 2294; x_wconf 88' lang='lat' dir='ltr'>moveri</span> <span class='ocrx_word' id='word_1_161' title='bbox 487 2226 659 2293; x_wconf 92' lang='lat' dir='ltr'>secundum</span> <span class='ocrx_word' id='word_1_162' title='bbox 687 2228 772 2292; x_wconf 90' lang='lat' dir='ltr'>velle</span> <span class='ocrx_word' id='word_1_163' title='bbox 801 2226 843 2291; x_wconf 91' lang='lat' dir='ltr'>ad</span> <span class='ocrx_word' id='word_1_164' title='bbox 870 2226 1103 2310; x_wconf 47' lang='lat' dir='ltr'>unum,1quod</span> <span class='ocrx_word' id='word_1_165' title='bbox 1130 2230 1179 2290; x_wconf 93' lang='lat' dir='ltr'>est</span> 
     </span>
     <span class='ocr_line' id='line_1_20' title="bbox 22 2327 1226 2412; baseline -0.009 -14"><span class='ocrx_word' id='word_1_166' title='bbox 22 2331 230 2398; x_wconf 65' lang='lat' dir='ltr'>formaliter</span> <span class='ocrx_word' id='word_1_167' title='bbox 250 2330 285 2394; x_wconf 93' lang='lat' dir='ltr'>in</span> <span class='ocrx_word' id='word_1_168' title='bbox 306 2330 371 2395; x_wconf 92' lang='lat' dir='ltr'>suis</span> <span class='ocrx_word' id='word_1_169' title='bbox 394 2329 626 2412; x_wconf 85' lang='lat' dir='ltr'>voluntatibus,</span> <span class='ocrx_word' id='word_1_170' title='bbox 655 2329 736 2394; x_wconf 91' lang='lat' dir='ltr'>sicut</span> <span class='ocrx_word' id='word_1_171' title='bbox 760 2331 897 2412; x_wconf 88' lang='lat' dir='ltr'>qualitas</span> <span class='ocrx_word' id='word_1_172' title='bbox 919 2351 982 2397; x_wconf 89' lang='lat' dir='ltr'>una</span> <span class='ocrx_word' id='word_1_173' title='bbox 1002 2327 1177 2394; x_wconf 85' lang='lat' dir='ltr'>formaliter</span> <span class='ocrx_word' id='word_1_174' title='bbox 1194 2337 1226 2388; x_wconf 86' lang='lat'>30</span> 
     </span>
     <span class='ocr_line' id='line_1_21' title="bbox 25 2430 1174 2516; baseline -0.001 -19"><span class='ocrx_word' id='word_1_175' title='bbox 25 2431 87 2497; x_wconf 85' lang='lat' dir='ltr'>in</span> <span class='ocrx_word' id='word_1_176' title='bbox 109 2432 224 2515; x_wconf 80' lang='lat' dir='ltr'>glebis,</span> <span class='ocrx_word' id='word_1_177' title='bbox 247 2432 368 2497; x_wconf 82' lang='lat' dir='ltr'>sedicet</span> <span class='ocrx_word' id='word_1_178' title='bbox 382 2432 532 2514; x_wconf 81' lang='lat' dir='ltr'>gravitas,</span> <span class='ocrx_word' id='word_1_179' title='bbox 557 2436 588 2498; x_wconf 94' lang='grc' dir='ltr'>θῖ</span> <span class='ocrx_word' id='word_1_180' title='bbox 609 2450 672 2496; x_wconf 92' lang='lat' dir='ltr'>una</span> <span class='ocrx_word' id='word_1_181' title='bbox 693 2433 726 2496; x_wconf 92' lang='lat' dir='ltr'>in</span> <span class='ocrx_word' id='word_1_182' title='bbox 748 2432 892 2516; x_wconf 87' lang='lat' dir='ltr'>flammis,</span> <span class='ocrx_word' id='word_1_183' title='bbox 916 2433 1037 2498; x_wconf 90' lang='lat' dir='ltr'>scilicet</span> <span class='ocrx_word' id='word_1_184' title='bbox 1052 2430 1174 2497; x_wconf 91' lang='lat' dir='ltr'>levitas.</span> 
     </span>
     <span class='ocr_line' id='line_1_22' title="bbox 35 2530 1176 2619; baseline -0.003 -20"><span class='ocrx_word' id='word_1_185' title='bbox 35 2531 142 2599; x_wconf 69' lang='lat' dir='ltr'>Illam</span> <span class='ocrx_word' id='word_1_186' title='bbox 165 2534 265 2599; x_wconf 90' lang='lat' dir='ltr'>virtus</span> <span class='ocrx_word' id='word_1_187' title='bbox 287 2533 430 2616; x_wconf 85' lang='lat' dir='ltr'>volitiva,</span> <span class='ocrx_word' id='word_1_188' title='bbox 453 2533 595 2617; x_wconf 88' lang='lat' dir='ltr'>potentia</span> <span class='ocrx_word' id='word_1_189' title='bbox 618 2533 775 2615; x_wconf 87' lang='lat' dir='ltr'>quaedam</span> <span class='ocrx_word' id='word_1_190' title='bbox 798 2540 860 2619; x_wconf 88' lang='lat' dir='ltr'>est;</span> <span class='ocrx_word' id='word_1_191' title='bbox 883 2534 941 2601; x_wconf 93' lang='lat' dir='ltr'>sed</span> <span class='ocrx_word' id='word_1_192' title='bbox 956 2534 1079 2619; x_wconf 91' lang='lat' dir='ltr'>species</span> <span class='ocrx_word' id='word_1_193' title='bbox 1103 2530 1176 2597; x_wconf 95' lang='lat' dir='ltr'>boni</span> 
     </span>
     <span class='ocr_line' id='line_1_23' title="bbox 43 2631 1175 2721; baseline -0.003 -22"><span class='ocrx_word' id='word_1_194' title='bbox 43 2635 259 2721; x_wconf 79' lang='lat' dir='ltr'>apprehensi,</span> <span class='ocrx_word' id='word_1_195' title='bbox 274 2635 375 2701; x_wconf 86' lang='lat' dir='ltr'>forma</span> <span class='ocrx_word' id='word_1_196' title='bbox 391 2639 439 2701; x_wconf 91' lang='grc' dir='ltr'>θεῖ</span> <span class='ocrx_word' id='word_1_197' title='bbox 453 2635 530 2717; x_wconf 79' lang='lat' dir='ltr'>ciue,</span> <span class='ocrx_word' id='word_1_198' title='bbox 548 2655 629 2716; x_wconf 91' lang='lat' dir='ltr'>quac</span> <span class='ocrx_word' id='word_1_199' title='bbox 643 2635 771 2717; x_wconf 91' lang='lat' dir='ltr'>quidem</span> <span class='ocrx_word' id='word_1_200' title='bbox 781 2636 891 2719; x_wconf 86' lang='lat' dir='ltr'>forma,</span> <span class='ocrx_word' id='word_1_201' title='bbox 909 2631 1175 2718; x_wconf 89' lang='lat' dir='ltr'>quemadmodum</span> 
     </span>
     <span class='ocr_line' id='line_1_24' title="bbox 44 2724 1175 2821; baseline -0.002 -19"><span class='ocrx_word' id='word_1_202' title='bbox 44 2741 88 2802; x_wconf 77' lang='lat' dir='ltr'>et</span> <span class='ocrx_word' id='word_1_203' title='bbox 109 2724 204 2820; x_wconf 91' lang='lat' dir='ltr'>aliae,</span> <span class='ocrx_word' id='word_1_204' title='bbox 229 2756 294 2801; x_wconf 88' lang='lat' dir='ltr'>una</span> <span class='ocrx_word' id='word_1_205' title='bbox 314 2737 348 2802; x_wconf 96' lang='lat' dir='ltr'>in</span> <span class='ocrx_word' id='word_1_206' title='bbox 369 2756 404 2802; x_wconf 92' lang='grc' dir='ltr'>εθ</span> <span class='ocrx_word' id='word_1_207' title='bbox 426 2734 662 2821; x_wconf 87' lang='lat' dir='ltr'>multiplicatur,</span> <span class='ocrx_word' id='word_1_208' title='bbox 686 2736 858 2802; x_wconf 90' lang='lat' dir='ltr'>secundum</span> <span class='ocrx_word' id='word_1_209' title='bbox 880 2736 1175 2821; x_wconf 89' lang='lat' dir='ltr'>multiplicationem</span> 
     </span>
     <span class='ocr_line' id='line_1_25' title="bbox 40 2837 1222 2923; baseline 0.002 -21"><span class='ocrx_word' id='word_1_210' title='bbox 40 2838 209 2904; x_wconf 80' lang='lat' dir='ltr'>materiae</span> <span class='ocrx_word' id='word_1_211' title='bbox 231 2838 426 2923; x_wconf 90' lang='lat' dir='ltr'>recipientis,</span> <span class='ocrx_word' id='word_1_212' title='bbox 457 2841 491 2901; x_wconf 94' lang='lat' dir='ltr'>ut</span> <span class='ocrx_word' id='word_1_213' title='bbox 513 2837 620 2902; x_wconf 90' lang='lat' dir='ltr'>anima</span> <span class='ocrx_word' id='word_1_214' title='bbox 642 2843 674 2903; x_wconf 94' lang='lat' dir='ltr'>et</span> <span class='ocrx_word' id='word_1_215' title='bbox 695 2857 859 2923; x_wconf 89' lang='lat' dir='ltr'>numerus,</span> <span class='ocrx_word' id='word_1_216' title='bbox 888 2845 920 2905; x_wconf 91' lang='lat' dir='ltr'>et</span> <span class='ocrx_word' id='word_1_217' title='bbox 947 2839 1031 2906; x_wconf 89' lang='lat' dir='ltr'>aliae</span> <span class='ocrx_word' id='word_1_218' title='bbox 1053 2838 1173 2905; x_wconf 87' lang='lat' dir='ltr'>formae</span> <span class='ocrx_word' id='word_1_219' title='bbox 1190 2845 1222 2896; x_wconf 82' lang='lat'>35</span> 
     </span>
     <span class='ocr_line' id='line_1_26' title="bbox 52 2934 785 3026; baseline -0.001 -21"><span class='ocrx_word' id='word_1_220' title='bbox 52 2940 279 3026; x_wconf 86' lang='lat' dir='ltr'>compositioni</span> <span class='ocrx_word' id='word_1_221' title='bbox 301 2940 524 3021; x_wconf 79' lang='lat' dir='ltr'>contingentes.</span> <span class='ocrx_word' id='word_1_222' title='bbox 783 2934 785 2938; x_wconf 70' lang='grc'>’</span> 
     </span>
    </p>
   </div>
   <div class='ocr_carea' id='block_1_4' title="bbox 50 3053 1172 4193">
    <p class='ocr_par' dir='ltr' id='par_1_5' title="bbox 50 3053 1172 4193">
     <span class='ocr_line' id='line_1_27' title="bbox 65 3053 1039 3127; baseline 0.003 -18"><span class='ocrx_word' id='word_1_223' title='bbox 65 3080 66 3083; x_wconf 41' lang='grc'><strong>“</strong></span> <span class='ocrx_word' id='word_1_224' title='bbox 82 3057 103 3089; x_wconf 81' lang='lat'>¹²</span> <span class='ocrx_word' id='word_1_225' title='bbox 119 3056 154 3111; x_wconf 92' lang='lat' dir='ltr'>H.</span> <span class='ocrx_word' id='word_1_226' title='bbox 165 3056 203 3110; x_wconf 90' lang='lat' dir='ltr'>M.</span> <span class='ocrx_word' id='word_1_227' title='bbox 213 3057 243 3110; x_wconf 87' lang='lat' dir='ltr'>P.</span> <span class='ocrx_word' id='word_1_228' title='bbox 255 3055 287 3109; x_wconf 90' lang='lat' dir='ltr'>V.</span> <span class='ocrx_word' id='word_1_229' title='bbox 298 3073 336 3111; x_wconf 80' lang='lat' dir='ltr'>ea</span> <span class='ocrx_word' id='word_1_230' title='bbox 348 3061 432 3127; x_wconf 85' lang='lat' dir='ltr'>parte</span> <span class='ocrx_word' id='word_1_231' title='bbox 446 3071 508 3110; x_wconf 85' lang='lat' dir='ltr'>cero</span> <span class='ocrx_word' id='word_1_232' title='bbox 524 3053 590 3110; x_wconf 83' lang='lat' dir='ltr'>mat‘</span> <span class='ocrx_word' id='word_1_233' title='bbox 667 3057 690 3088; x_wconf 76' lang='lat'>²²</span> <span class='ocrx_word' id='word_1_234' title='bbox 707 3056 739 3109; x_wconf 96' lang='lat' dir='ltr'>H.</span> <span class='ocrx_word' id='word_1_235' title='bbox 758 3057 788 3110; x_wconf 94' lang='lat' dir='ltr'>P.</span> <span class='ocrx_word' id='word_1_236' title='bbox 808 3055 935 3125; x_wconf 79' lang='lat' dir='ltr'>informis</span> <span class='ocrx_word' id='word_1_237' title='bbox 952 3063 1039 3112; x_wconf 76' lang='lat' dir='ltr'>mettas</span> 
     </span>
     <span class='ocr_line' id='line_1_28' title="bbox 67 3141 1135 3213; baseline 0.002 -17"><span class='ocrx_word' id='word_1_238' title='bbox 67 3179 69 3187; x_wconf 59' lang='lat'>.</span> <span class='ocrx_word' id='word_1_239' title='bbox 114 3142 227 3212; x_wconf 79' lang='lat' dir='ltr'>plurale</span> <span class='ocrx_word' id='word_1_240' title='bbox 665 3141 688 3175; x_wconf 53' lang='grc' dir='ltr'>Ν</span> <span class='ocrx_word' id='word_1_241' title='bbox 705 3141 738 3194; x_wconf 93' lang='grc' dir='ltr'>Η.</span> <span class='ocrx_word' id='word_1_242' title='bbox 757 3141 787 3194; x_wconf 90' lang='grc' dir='ltr'>Ρ.</span> <span class='ocrx_word' id='word_1_243' title='bbox 801 3159 856 3213; x_wconf 82' lang='lat' dir='ltr'>per</span> <span class='ocrx_word' id='word_1_244' title='bbox 873 3144 1017 3213; x_wconf 81' lang='lat' dir='ltr'>informem</span> <span class='ocrx_word' id='word_1_245' title='bbox 1035 3151 1135 3198; x_wconf 84' lang='lat' dir='ltr'>motam</span> 
     </span>
     <span class='ocr_line' id='line_1_29' title="bbox 82 3225 1137 3299; baseline 0.004 -21"><span class='ocrx_word' id='word_1_246' title='bbox 82 3226 101 3258; x_wconf 66' lang='lat'>¹³</span> <span class='ocrx_word' id='word_1_247' title='bbox 119 3227 152 3280; x_wconf 91' lang='lat' dir='ltr'>A.</span> <span class='ocrx_word' id='word_1_248' title='bbox 170 3227 201 3279; x_wconf 89' lang='lat' dir='ltr'>F.</span> <span class='ocrx_word' id='word_1_249' title='bbox 219 3227 250 3278; x_wconf 95' lang='lat' dir='ltr'>V.</span> <span class='ocrx_word' id='word_1_250' title='bbox 269 3225 340 3280; x_wconf 79' lang='lat' dir='ltr'>nibil</span> <span class='ocrx_word' id='word_1_251' title='bbox 355 3225 431 3280; x_wconf 85' lang='lat' dir='ltr'>aliud</span> <span class='ocrx_word' id='word_1_252' title='bbox 447 3233 486 3280; x_wconf 86' lang='lat' dir='ltr'>est</span> <span class='ocrx_word' id='word_1_253' title='bbox 664 3228 687 3260; x_wconf 78' lang='lat'>²⁷</span> <span class='ocrx_word' id='word_1_254' title='bbox 704 3227 735 3280; x_wconf 87' lang='lat' dir='ltr'>F.</span> <span class='ocrx_word' id='word_1_255' title='bbox 753 3227 782 3279; x_wconf 93' lang='lat' dir='ltr'>P.</span> <span class='ocrx_word' id='word_1_256' title='bbox 800 3229 940 3284; x_wconf 75' lang='lat' dir='ltr'>eccsceacl.</span> <span class='ocrx_word' id='word_1_257' title='bbox 959 3229 996 3284; x_wconf 77' lang='lat' dir='ltr'>ccl</span> <span class='ocrx_word' id='word_1_258' title='bbox 1011 3229 1137 3299; x_wconf 84' lang='lat' dir='ltr'>et&#39;rcamf.</span> 
     </span>
     <span class='ocr_line' id='line_1_30' title="bbox 83 3309 1091 3385; baseline 0.005 -22"><span class='ocrx_word' id='word_1_259' title='bbox 83 3313 103 3344; x_wconf 78' lang='lat'>¹⁵</span> <span class='ocrx_word' id='word_1_260' title='bbox 119 3310 150 3363; x_wconf 91' lang='lat' dir='ltr'>P.</span> <span class='ocrx_word' id='word_1_261' title='bbox 166 3311 239 3381; x_wconf 83' lang='lat' dir='ltr'>qood</span> <span class='ocrx_word' id='word_1_262' title='bbox 260 3309 366 3380; x_wconf 83' lang='lat' dir='ltr'>quidem</span> <span class='ocrx_word' id='word_1_263' title='bbox 385 3311 500 3382; x_wconf 81' lang='lat' dir='ltr'>spiritus</span> <span class='ocrx_word' id='word_1_264' title='bbox 665 3311 688 3343; x_wconf 80' lang='lat'>²⁹</span> <span class='ocrx_word' id='word_1_265' title='bbox 706 3311 735 3364; x_wconf 92' lang='lat' dir='ltr'>P.</span> <span class='ocrx_word' id='word_1_266' title='bbox 749 3320 869 3385; x_wconf 79' lang='lat' dir='ltr'>propter</span> <span class='ocrx_word' id='word_1_267' title='bbox 885 3315 971 3368; x_wconf 82' lang='lat' dir='ltr'>simile</span> <span class='ocrx_word' id='word_1_268' title='bbox 988 3317 1091 3369; x_wconf 85' lang='lat' dir='ltr'>maceri</span> 
     </span>
     <span class='ocr_line' id='line_1_31' title="bbox 120 3394 1171 3469; baseline 0.004 -19"><span class='ocrx_word' id='word_1_269' title='bbox 120 3394 188 3450; x_wconf 90' lang='lat' dir='ltr'>Edd.</span> <span class='ocrx_word' id='word_1_270' title='bbox 208 3394 308 3449; x_wconf 85' lang='lat' dir='ltr'>Psalm.</span> <span class='ocrx_word' id='word_1_271' title='bbox 327 3397 392 3451; x_wconf 84' lang='lat' dir='ltr'>bene</span> <span class='ocrx_word' id='word_1_272' title='bbox 410 3395 461 3450; x_wconf 77' lang='lat' dir='ltr'>viel.</span> <span class='ocrx_word' id='word_1_273' title='bbox 711 3398 1171 3469; x_wconf 39' lang='lat' dir='ltr'>¹secandumveltenonlegiturinF.</span> 
     </span>
     <span class='ocr_line' id='line_1_32' title="bbox 84 3479 1172 3553; baseline 0.006 -20"><span class='ocrx_word' id='word_1_274' title='bbox 84 3481 103 3512; x_wconf 89' lang='lat'>¹⁷</span> <span class='ocrx_word' id='word_1_275' title='bbox 120 3479 154 3533; x_wconf 91' lang='lat' dir='ltr'>H.</span> <span class='ocrx_word' id='word_1_276' title='bbox 175 3479 284 3534; x_wconf 78' lang='lat' dir='ltr'>Constat</span> <span class='ocrx_word' id='word_1_277' title='bbox 300 3497 376 3552; x_wconf 74' lang='lat' dir='ltr'>erqo,</span> <span class='ocrx_word' id='word_1_278' title='bbox 663 3480 686 3514; x_wconf 88' lang='lat'>³⁰</span> <span class='ocrx_word' id='word_1_279' title='bbox 703 3481 772 3536; x_wconf 89' lang='lat' dir='ltr'>Edd.</span> <span class='ocrx_word' id='word_1_280' title='bbox 787 3483 943 3553; x_wconf 79' lang='lat' dir='ltr'>formaliter</span> <span class='ocrx_word' id='word_1_281' title='bbox 957 3485 983 3538; x_wconf 81' lang='lat' dir='ltr'>la</span> <span class='ocrx_word' id='word_1_282' title='bbox 990 3484 1172 3539; x_wconf 79' lang='lat' dir='ltr'>voluntatibus</span> 
     </span>
     <span class='ocr_line' id='line_1_33' title="bbox 82 3564 1169 3639; baseline 0.006 -21"><span class='ocrx_word' id='word_1_283' title='bbox 82 3565 102 3597; x_wconf 80' lang='lat'>¹⁸</span> <span class='ocrx_word' id='word_1_284' title='bbox 119 3564 150 3618; x_wconf 84' lang='lat' dir='ltr'>F.</span> <span class='ocrx_word' id='word_1_285' title='bbox 176 3565 323 3619; x_wconf 81' lang='lat' dir='ltr'>concordia</span> <span class='ocrx_word' id='word_1_286' title='bbox 348 3566 428 3619; x_wconf 85' lang='lat' dir='ltr'>etlam</span> <span class='ocrx_word' id='word_1_287' title='bbox 454 3571 584 3635; x_wconf 81' lang='lat' dir='ltr'>quantam</span> <span class='ocrx_word' id='word_1_288' title='bbox 703 3597 736 3606; x_wconf 83' lang='lat'>—</span> <span class='ocrx_word' id='word_1_289' title='bbox 749 3568 779 3620; x_wconf 93' lang='lat' dir='ltr'>P.</span> <span class='ocrx_word' id='word_1_290' title='bbox 791 3569 899 3638; x_wconf 81' lang='lat' dir='ltr'>quidem</span> <span class='ocrx_word' id='word_1_291' title='bbox 913 3569 996 3639; x_wconf 85' lang='lat' dir='ltr'>form.</span> <span class='ocrx_word' id='word_1_292' title='bbox 1008 3570 1036 3623; x_wconf 84' lang='lat' dir='ltr'>ia</span> <span class='ocrx_word' id='word_1_293' title='bbox 1051 3569 1169 3624; x_wconf 81' lang='lat' dir='ltr'>saisvol.</span> 
     </span>
     <span class='ocr_line' id='line_1_34' title="bbox 117 3647 1049 3724; baseline 0.003 -22"><span class='ocrx_word' id='word_1_294' title='bbox 117 3648 199 3703; x_wconf 75' lang='lat' dir='ltr'>bilius</span> <span class='ocrx_word' id='word_1_295' title='bbox 213 3647 247 3717; x_wconf 74' lang='lat' dir='ltr'>fit</span> <span class='ocrx_word' id='word_1_296' title='bbox 262 3647 397 3719; x_wconf 83' lang='lat' dir='ltr'>quoddam</span> <span class='ocrx_word' id='word_1_297' title='bbox 719 3650 750 3704; x_wconf 84' lang='lat' dir='ltr'>F.</span> <span class='ocrx_word' id='word_1_298' title='bbox 768 3655 839 3707; x_wconf 84' lang='lat' dir='ltr'>sicat</span> <span class='ocrx_word' id='word_1_299' title='bbox 855 3654 976 3724; x_wconf 73' lang='lat' dir='ltr'>pravitas</span> <span class='ocrx_word' id='word_1_300' title='bbox 993 3669 1049 3706; x_wconf 84' lang='lat' dir='ltr'>aaa</span> 
     </span>
     <span class='ocr_line' id='line_1_35' title="bbox 80 3731 991 3793; baseline 0.007 -8"><span class='ocrx_word' id='word_1_301' title='bbox 80 3731 187 3786; x_wconf 66' lang='grc' dir='ltr'>19Εθίᾱ.</span> <span class='ocrx_word' id='word_1_302' title='bbox 206 3749 265 3787; x_wconf 90' lang='lat' dir='ltr'>eam</span> <span class='ocrx_word' id='word_1_303' title='bbox 283 3735 428 3788; x_wconf 77' lang='lat' dir='ltr'>consistere</span> <span class='ocrx_word' id='word_1_304' title='bbox 661 3737 683 3769; x_wconf 75' lang='lat'>³²</span> <span class='ocrx_word' id='word_1_305' title='bbox 701 3737 733 3789; x_wconf 82' lang='lat' dir='ltr'>A.</span> <span class='ocrx_word' id='word_1_306' title='bbox 754 3739 838 3793; x_wconf 79' lang='lat' dir='ltr'>virtus</span> <span class='ocrx_word' id='word_1_307' title='bbox 856 3738 991 3792; x_wconf 67' lang='lat' dir='ltr'>aroltrrctiea</span> 
     </span>
     <span class='ocr_line' id='line_1_36' title="bbox 76 3817 1085 3887; baseline 0.007 -17"><span class='ocrx_word' id='word_1_308' title='bbox 76 3818 98 3850; x_wconf 80' lang='lat'>²¹</span> <span class='ocrx_word' id='word_1_309' title='bbox 116 3817 148 3870; x_wconf 88' lang='lat' dir='ltr'>F.</span> <span class='ocrx_word' id='word_1_310' title='bbox 168 3818 194 3871; x_wconf 89' lang='lat' dir='ltr'>si</span> <span class='ocrx_word' id='word_1_311' title='bbox 210 3822 310 3871; x_wconf 86' lang='lat' dir='ltr'>actara</span> <span class='ocrx_word' id='word_1_312' title='bbox 327 3818 369 3872; x_wconf 89' lang='lat' dir='ltr'>eet</span> <span class='ocrx_word' id='word_1_313' title='bbox 384 3820 470 3875; x_wconf 73' lang='lat' dir='ltr'>radice</span> <span class='ocrx_word' id='word_1_314' title='bbox 660 3821 683 3855; x_wconf 83' lang='lat'>³⁵</span> <span class='ocrx_word' id='word_1_315' title='bbox 700 3822 731 3874; x_wconf 90' lang='lat' dir='ltr'>F.</span> <span class='ocrx_word' id='word_1_316' title='bbox 750 3829 776 3876; x_wconf 90' lang='lat' dir='ltr'>et</span> <span class='ocrx_word' id='word_1_317' title='bbox 792 3822 864 3877; x_wconf 87' lang='lat' dir='ltr'>aliae</span> <span class='ocrx_word' id='word_1_318' title='bbox 881 3822 1010 3876; x_wconf 86' lang='lat' dir='ltr'>materiae</span> <span class='ocrx_word' id='word_1_319' title='bbox 1082 3882 1085 3887; x_wconf 57' lang='grc'><strong>,</strong></span> 
     </span>
     <span class='ocr_line' id='line_1_37' title="bbox 119 3917 1166 3994; baseline 0.006 -23"><span class='ocrx_word' id='word_1_320' title='bbox 119 3919 140 3952; x_wconf 85' lang='lat'>¹³</span> <span class='ocrx_word' id='word_1_321' title='bbox 157 3917 259 3973; x_wconf 90' lang='lat' dir='ltr'>Ibidem</span> <span class='ocrx_word' id='word_1_322' title='bbox 276 3920 296 3972; x_wconf 86' lang='lat' dir='ltr'>l.</span> <span class='ocrx_word' id='word_1_323' title='bbox 315 3925 339 3972; x_wconf 83' lang='lat'>5.</span> <span class='ocrx_word' id='word_1_324' title='bbox 374 3920 409 3974; x_wconf 88' lang='lat' dir='ltr'>ci.</span> <span class='ocrx_word' id='word_1_325' title='bbox 428 3921 571 3994; x_wconf 78' lang='lat' dir='ltr'>Aueroars</span> <span class='ocrx_word' id='word_1_326' title='bbox 582 3921 736 3977; x_wconf 76' lang='lat' dir='ltr'>Conuiuium</span> <span class='ocrx_word' id='word_1_327' title='bbox 754 3923 787 3976; x_wconf 87' lang='lat'>11.</span> <span class='ocrx_word' id='word_1_328' title='bbox 809 3929 845 3977; x_wconf 83' lang='lat' dir='ltr'>lt.</span> <span class='ocrx_word' id='word_1_329' title='bbox 869 3923 1034 3992; x_wconf 72' lang='lat' dir='ltr'>„Pittapcra</span> <span class='ocrx_word' id='word_1_330' title='bbox 1051 3922 1166 3977; x_wconf 83' lang='lat' dir='ltr'>secondo</span> 
     </span>
     <span class='ocr_line' id='line_1_38' title="bbox 52 3984 1167 4112; baseline 0.005 -74"><span class='ocrx_word' id='word_1_331' title='bbox 52 3984 96 4040; x_wconf 80' lang='lat' dir='ltr'>cte</span> <span class='ocrx_word' id='word_1_332' title='bbox 113 3986 173 4040; x_wconf 84' lang='lat' dir='ltr'>dice</span> <span class='ocrx_word' id='word_1_333' title='bbox 190 3987 330 4041; x_wconf 72' lang='lat' dir='ltr'>Aristotele</span> <span class='ocrx_word' id='word_1_334' title='bbox 347 3989 495 4112; x_wconf 63' lang='lat' dir='ltr'>caldariata</span> <span class='ocrx_word' id='word_1_335' title='bbox 512 3990 584 4045; x_wconf 85' lang='lat' dir='ltr'>delta</span> <span class='ocrx_word' id='word_1_336' title='bbox 601 3991 707 4055; x_wconf 81' lang='lat' dir='ltr'>Fistca,</span> <span class='ocrx_word' id='word_1_337' title='bbox 720 4008 830 4062; x_wconf 80' lang='lat' dir='ltr'>ponera</span> <span class='ocrx_word' id='word_1_338' title='bbox 848 3992 859 4046; x_wconf 82' lang='lat' dir='ltr'>i</span> <span class='ocrx_word' id='word_1_339' title='bbox 870 3994 1006 4062; x_wconf 70' lang='lat' dir='ltr'>praecepti</span> <span class='ocrx_word' id='word_1_340' title='bbox 1019 3991 1089 4046; x_wconf 84' lang='lat' dir='ltr'>delle</span> <span class='ocrx_word' id='word_1_341' title='bbox 1105 4006 1167 4045; x_wconf 85' lang='lat' dir='ltr'>ease</span> 
     </span>
     <span class='ocr_line' id='line_1_39' title="bbox 52 4054 1166 4128; baseline 0.007 -22"><span class='ocrx_word' id='word_1_342' title='bbox 52 4054 171 4109; x_wconf 79' lang='lat' dir='ltr'>natarali</span> <span class='ocrx_word' id='word_1_343' title='bbox 187 4055 215 4108; x_wconf 90' lang='lat' dir='ltr'>to</span> <span class='ocrx_word' id='word_1_344' title='bbox 227 4059 327 4126; x_wconf 79' lang='lat' dir='ltr'>parte</span> <span class='ocrx_word' id='word_1_345' title='bbox 346 4056 371 4110; x_wconf 91' lang='lat' dir='ltr'>lc</span> <span class='ocrx_word' id='word_1_346' title='bbox 414 4059 502 4128; x_wconf 81' lang='lat' dir='ltr'>isparr&#39;</span> <span class='ocrx_word' id='word_1_347' title='bbox 569 4061 589 4092; x_wconf 77' lang='lat'>¹⁵</span> <span class='ocrx_word' id='word_1_348' title='bbox 606 4059 651 4112; x_wconf 86' lang='lat' dir='ltr'>Ps.</span> <span class='ocrx_word' id='word_1_349' title='bbox 670 4064 693 4112; x_wconf 79' lang='lat' dir='ltr'>l.</span> <span class='ocrx_word' id='word_1_350' title='bbox 712 4076 735 4112; x_wconf 81' lang='lat' dir='ltr'>v.</span> <span class='ocrx_word' id='word_1_351' title='bbox 754 4063 777 4114; x_wconf 84' lang='lat'>8.</span> <span class='ocrx_word' id='word_1_352' title='bbox 848 4061 871 4094; x_wconf 77' lang='lat'>³⁵</span> <span class='ocrx_word' id='word_1_353' title='bbox 889 4061 1000 4123; x_wconf 87' lang='lat' dir='ltr'>Anima,</span> <span class='ocrx_word' id='word_1_354' title='bbox 1025 4074 1079 4113; x_wconf 86' lang='lat' dir='ltr'>una</span> <span class='ocrx_word' id='word_1_355' title='bbox 1096 4058 1166 4114; x_wconf 87' lang='lat' dir='ltr'>inse</span> 
     </span>
     <span class='ocr_line' id='line_1_40' title="bbox 50 4122 1165 4193; baseline 0.005 -18"><span class='ocrx_word' id='word_1_356' title='bbox 50 4122 250 4191; x_wconf 84' lang='lat' dir='ltr'>multiplicatur,</span> <span class='ocrx_word' id='word_1_357' title='bbox 261 4128 302 4178; x_wconf 87' lang='lat' dir='ltr'>est</span> <span class='ocrx_word' id='word_1_358' title='bbox 311 4123 381 4178; x_wconf 88' lang='lat' dir='ltr'>enim</span> <span class='ocrx_word' id='word_1_359' title='bbox 389 4126 545 4193; x_wconf 84' lang='lat' dir='ltr'>vegetativa,</span> <span class='ocrx_word' id='word_1_360' title='bbox 557 4127 691 4191; x_wconf 85' lang='lat' dir='ltr'>sensitiva,</span> <span class='ocrx_word' id='word_1_361' title='bbox 707 4127 748 4182; x_wconf 85' lang='lat' dir='ltr'>vel</span> <span class='ocrx_word' id='word_1_362' title='bbox 757 4127 905 4183; x_wconf 88' lang='lat' dir='ltr'>rationalis.</span> <span class='ocrx_word' id='word_1_363' title='bbox 941 4129 982 4181; x_wconf 90' lang='lat' dir='ltr'>lta</span> <span class='ocrx_word' id='word_1_364' title='bbox 994 4133 1020 4182; x_wconf 90' lang='lat' dir='ltr'>et</span> <span class='ocrx_word' id='word_1_365' title='bbox 1030 4142 1165 4191; x_wconf 88' lang='lat' dir='ltr'>numerus,</span> 
     </span>
    </p>
   </div>
   <div class='ocr_carea' id='block_1_5' title="bbox 49 4191 1166 4329">
    <p class='ocr_par' dir='ltr' id='par_1_6' title="bbox 49 4191 1166 4329">
     <span class='ocr_line' id='line_1_41' title="bbox 49 4191 1166 4314; baseline 0.004 -70"><span class='ocrx_word' id='word_1_366' title='bbox 49 4205 114 4245; x_wconf 86' lang='lat' dir='ltr'>uuus</span> <span class='ocrx_word' id='word_1_367' title='bbox 132 4191 161 4270; x_wconf 80' lang='lat' dir='ltr'>in</span> <span class='ocrx_word' id='word_1_368' title='bbox 180 4206 222 4256; x_wconf 88' lang='lat' dir='ltr'>se,</span> <span class='ocrx_word' id='word_1_369' title='bbox 247 4207 270 4245; x_wconf 91' lang='lat' dir='ltr'>e.</span> <span class='ocrx_word' id='word_1_370' title='bbox 283 4208 328 4314; x_wconf 63' lang='lat' dir='ltr'>pr.</span> <span class='ocrx_word' id='word_1_371' title='bbox 352 4192 490 4260; x_wconf 85' lang='lat' dir='ltr'>denarius,</span> <span class='ocrx_word' id='word_1_372' title='bbox 522 4193 715 4262; x_wconf 85' lang='lat' dir='ltr'>multiplicatur</span> <span class='ocrx_word' id='word_1_373' title='bbox 744 4197 891 4252; x_wconf 87' lang='lat' dir='ltr'>seeundum</span> <span class='ocrx_word' id='word_1_374' title='bbox 919 4195 1166 4266; x_wconf 86' lang='lat' dir='ltr'>multiplicationem</span> 
     </span>
     <span class='ocr_line' id='line_1_42' title="bbox 50 4263 763 4329; baseline 0.006 -17"><span class='ocrx_word' id='word_1_375' title='bbox 50 4263 181 4325; x_wconf 81' lang='lat' dir='ltr'>materiae,</span> <span class='ocrx_word' id='word_1_376' title='bbox 200 4265 266 4328; x_wconf 81' lang='lat' dir='ltr'>puta</span> <span class='ocrx_word' id='word_1_377' title='bbox 301 4275 374 4316; x_wconf 90' lang='lat' dir='ltr'>ecem</span> <span class='ocrx_word' id='word_1_378' title='bbox 392 4277 473 4329; x_wconf 89' lang='lat' dir='ltr'>asses,</span> <span class='ocrx_word' id='word_1_379' title='bbox 491 4263 532 4318; x_wconf 87' lang='lat' dir='ltr'>vel</span> <span class='ocrx_word' id='word_1_380' title='bbox 551 4263 642 4318; x_wconf 90' lang='lat' dir='ltr'>decem</span> <span class='ocrx_word' id='word_1_381' title='bbox 659 4279 763 4319; x_wconf 88' lang='lat' dir='ltr'>aureos.</span> 
     </span>
    </p>
   </div>
   <div class='ocr_carea' id='block_1_6' title="bbox 0 0 1456 4874">
    <p class='ocr_par' dir='ltr' id='par_1_7' title="bbox 0 0 1456 4874">
     <span class='ocr_line' id='line_1_43' title="bbox 0 0 1456 4874; baseline 0 3"><span class='ocrx_word' id='word_1_382' title='bbox 0 0 1456 4874; x_wconf 95' lang='lat' dir='ltr'> </span> 
     </span>
    </p>
   </div>
  </div>
 </body>
</html>
