2910 4876
233 282 291 343 120
519 284 652 338 DANTIS
670 283 890 339 MONARCHIA
906 283 954 336 III.
974 283 1002 336 C.
1023 288 1062 337 10.

314 457 405 523 Hanc
433 477 508 540 ergo
537 456 690 520 minorem
718 455 878 535 interimo;
908 461 940 522 et
969 474 1065 536 quum
1093 455 1244 539 probant,
1276 452 1349 519 dico

230 558 315 640 quod
338 579 395 623 sua
417 559 562 642 probatio
585 558 673 622 nulla
696 565 753 639 est,
778 556 853 638 quia
870 555 1094 622 Constantinus
1120 555 1262 622 alienare
1284 576 1347 621 non

230 665 355 744 poterat
375 660 505 743 Imperii
527 659 729 741 (lignitatem,
752 679 811 724 nec
832 658 976 725 Ecclesia
998 657 1148 742 recipere.
1186 657 1227 721 Et
1251 677 1347 738 quum

179 772 211 823 20
230 761 434 845 pertinaciter
461 761 594 844 instant,
625 760 710 842 quod
739 760 825 843 dico,
855 760 900 826 sic
923 759 1047 826 ostendi
1065 765 1184 844 potest:
1218 759 1347 826 Nemini

230 861 304 928 licet
327 883 366 928 ea
387 864 491 930 facere
513 884 569 948 per
591 861 729 929 officium
751 863 813 928 sibi
835 861 1036 944 deputatum,
1067 882 1148 943 quae
1176 868 1249 927 sunt
1274 882 1345 927 con-

228 969 278 1028 tra
305 965 385 1047 illud
413 964 565 1048 officium,
597 965 671 1047 quia
699 965 745 1030 sic
772 964 872 1046 idem,
901 963 934 1027 in
956 970 1108 1045 quantum
1129 964 1231 1045 idem,
1263 969 1348 1030 esset

228 1068 418 1133 contrarium
440 1065 600 1151 sibiipsi:
629 1066 715 1148 quod
736 1072 785 1133 est
805 1065 1014 1150 impossibile.
1060 1064 1125 1132 Sed
1147 1071 1256 1131 contra
1280 1062 1345 1130 offi-

228 1168 311 1233 cium
339 1168 525 1251 deputatum
553 1168 740 1251 Imperatori
770 1175 831 1251 est,
861 1168 1005 1235 scindere
1032 1168 1214 1253 imperium;
1250 1185 1347 1247 quum

40 1309 45 1324 .
145 1314 147 1317 -
177 1281 208 1332 25
228 1268 364 1335 officium
394 1270 463 1353 ejus
491 1271 546 1353 sit,
578 1271 748 1335 humanum
776 1288 875 1351 genus
902 1272 956 1336 uni
984 1271 1085 1352 velle,
1118 1274 1149 1336 et
1177 1269 1232 1334 uni
1260 1268 1345 1334 nolle

227 1378 334 1439 tenere
357 1372 550 1455 subjectum,
577 1379 612 1436 ut
632 1371 666 1435 in
687 1371 789 1455 primo
812 1372 907 1455 hujus
930 1371 970 1438 de
992 1372 1078 1437 facili
1101 1370 1203 1438 videri
1225 1376 1346 1454 potest:

228 1492 303 1555 ergo
327 1473 470 1539 scindere
493 1472 677 1555 Imperium,
707 1473 895 1557 Imperatori
917 1494 980 1540 non
1002 1474 1085 1539 licet.
1131 1471 1166 1537 Si
1189 1490 1265 1552 ergo
1288 1472 1343 1536 ali-

228 1594 309 1656 quae
333 1575 504 1656 dignitates
527 1594 584 1658 per
600 1572 840 1640 Constantinum
862 1582 968 1642 essent
982 1575 1141 1642 alienatae
1158 1573 1206 1660 (ut
1223 1572 1344 1658 dieunt)

226 1678 267 1742 ab
290 1677 437 1759 Imperio,
461 1680 493 1740 et
508 1674 678 1742 cessissent
699 1674 732 1739 in
746 1682 935 1760 potestatem
951 1677 1124 1761 Ecclesiae,
1146 1677 1247 1742 scisse
1262 1682 1345 1742 esset

176 1790 207 1842 30
226 1776 332 1840 tunica
354 1777 567 1859 inconsutilis,
599 1796 694 1859 quam
724 1777 867 1845 scindere
896 1779 967 1843 ausi
991 1799 1054 1844 non
1076 1784 1149 1845 sunt
1172 1778 1268 1846 etiam
1292 1777 1344 1859 qui

227 1877 386 1943 Christum
410 1899 519 1944 verum
541 1878 645 1943 Deum
666 1878 778 1943 lancea
799 1880 1005 1964 perforarunt.

310 1981 497 2062 Praeterea,
521 1978 602 2044 sieut
622 1980 768 2045 Ecclesia
791 2002 881 2046 suum
904 1981 1001 2047 habet
1022 1981 1276 2065 fundamentum,
1300 1982 1344 2046 sIc

227 2087 257 2149 et
277 2082 449 2165 Imperium
465 2101 569 2147 suum:
592 2103 665 2147 nam
680 2081 845 2148 Ecclesiae
867 2083 1103 2150 fundamentum
1120 2082 1265 2149 Christus
1287 2089 1343 2149 est.

225 2184 318 2251 Unde
340 2184 513 2268 Apostolus
542 2184 584 2249 ad
608 2184 801 2251 Corinthios:
838 2184 1113 2267 „Fundamentum
1141 2185 1230 2250 aliud
1251 2206 1344 2251 nemo

254 2369 275 2400 ¹⁷
292 2369 383 2422 Verba
413 2371 493 2423 Herm
527 2386 593 2439 erqo
627 2371 756 2422 miuorem
875 2371 972 2424 sissent
998 2372 1026 2424 r'u
1048 2376 1212 2442 potestatem
1245 2400 1280 2410 —
1310 2370 1341 2424 F.

292 2455 429 2517 iuterimc,
462 2461 489 2507 et
521 2469 604 2524 quum
637 2454 758 2525 probunt
876 2461 901 2507 et
925 2456 1086 2509 ecrrcesisset
1109 2456 1137 2508 iu
1156 2459 1294 2525 potestate
1310 2485 1342 2493 -

292 2539 391 2592 absunt
409 2553 425 2592 c
443 2536 501 2592 cod.
521 2538 554 2591 A.
876 2538 960 2592 Editt.
973 2539 1179 2593 Fraticellianae
1195 2540 1343 2594 anteriores

254 2622 275 2655 ¹⁹
291 2621 321 2675 P.
332 2639 385 2676 ucri
401 2628 510 2692 poterut
521 2624 592 2693 jure
601 2621 671 2694 Imp.
683 2623 756 2694 dipu.
876 2633 903 2677 et
920 2625 1098 2679 excessissent
1115 2625 1143 2677 iu
1157 2629 1294 2695 potestate

308 2707 340 2761 L.
359 2706 397 2762 Et
414 2724 474 2763 eum
490 2709 570 2761 etium
582 2716 657 2779 pert.
835 2709 858 2742 ³⁰
875 2709 908 2762 H.
927 2710 990 2763 ausi
1006 2724 1061 2762 uou
1077 2709 1194 2777 freerrrut

250 2792 273 2824 ²⁰
290 2792 322 2845 H.
337 2793 509 2864 pertinacius
893 2792 962 2846 Edd.
975 2800 1044 2845 ‘sarrit
1061 2795 1111 2862 qui
1126 2792 1260 2848 Christum
1271 2825 1296 2832 -
1310 2792 1339 2845 F.

304 2876 373 2930 Edd.
381 2882 492 2931 recenti.
500 2882 670 2930 monstruose
677 2878 756 2930 isteut
876 2884 939 2930 scrut
955 2879 1035 2931 etium
1049 2894 1104 2949 per·
1123 2878 1183 2932 Chr.

249 2963 270 2994 ²¹
289 2962 327 3016 M.
355 2962 478 3031 officium
509 2961 563 3016 sihi
588 2962 756 3016 commissum
835 2962 856 2994 ³¹
875 2961 912 3014 M.
934 2963 1029 3017 iuncea
1049 2963 1227 3033 perfecerint
1251 2992 1285 3002 —
1311 2961 1342 3013 E.

290 3046 334 3099 cel
349 3046 439 3116 deput.
875 3046 971 3100 lancea
987 3047 1139 3117 perforare

250 3131 273 3163 ²⁶
290 3130 373 3183 Editt.
397 3133 424 3184 iu
443 3132 536 3201 primo
562 3128 645 3200 hujus
671 3130 756 3198 focile
834 3131 857 3164 ³³
874 3133 907 3184 A.
927 3131 958 3184 H.
977 3132 1008 3184 L.
1027 3132 1064 3185 M.
1084 3131 1114 3184 P.
1132 3131 1166 3183 V.
1194 3162 1227 3170 -
1253 3131 1284 3184 F.
1303 3131 1341 3184 sie

290 3214 376 3268 videri
602 3209 615 3246 ⁰
875 3215 1024 3286 Imperium
1049 3248 1073 3255 —
1101 3216 1185 3271 Editt.
1204 3218 1244 3272 sie
1262 3217 1340 3271 etium

250 3299 273 3331 ²⁹
291 3298 478 3368 conjecturam
493 3303 622 3364 nostram,
640 3298 755 3352 aFrati·
874 3297 1022 3372 Imperium

291 3383 366 3437 cellio
390 3386 538 3451 receptam,
569 3383 626 3452 jam
648 3382 756 3439 firmant
891 3384 923 3437 E.
948 3385 976 3438 P.
1001 3385 1153 3439 asecundo
1177 3383 1212 3438 ed
1234 3384 1341 3438 tertinm

290 3468 322 3520 A.
340 3467 373 3521 H.
392 3468 430 3522 M.
448 3467 525 3521 V.-
538 3467 569 3520 L.
588 3474 614 3521 et
632 3469 754 3522 cessisset
874 3469 1080 3530 mandamentum
1098 3469 1245 3538 prosiliunt

289 3554 467 3624 impotestute
493 3584 527 3592 -
551 3552 581 3606 P.
600 3562 625 3605 et
649 3569 755 3607 conces·

290 3723 312 3754 ³⁰
330 3722 436 3776 Evsno.
457 3723 595 3776 domenum
611 3722 684 3775 XIX.
698 3727 738 3776 23.
759 3752 791 3762 -
808 3722 972 3790 Argumento
991 3724 1098 3778 tunicae
1115 3725 1293 3788 inconsutilis,
1311 3731 1340 3777 ut

222 3791 382 3843 contrariam
401 3791 528 3845 defendat
552 3791 727 3853 sententiam,
751 3791 838 3844 utitur
855 3791 1065 3846 Boniiacius
1088 3793 1115 3846 irr
1133 3792 1213 3846 Bulla
1235 3793 1339 3858 „Unam

199 3884 204 3901 .
222 3863 374 3911 sanctam‘:
394 3859 464 3922 „Pro
474 3859 571 3925 anima,
589 3858 668 3912 idest
685 3875 734 3927 pro
753 3875 783 3913 se
800 3859 867 3926 ipso,
887 3860 982 3927 capite,
993 3859 1337 3923 simulcravittPsalmista

221 3925 265 3978 Ps.
286 3930 326 3978 22.
353 3927 433 3990 [cath.
453 3931 503 3990 2t.]
529 3946 552 3981 v.
572 3931 623 3992 20.)
641 3931 668 3981 et
687 3941 815 3995 corpore,
834 3926 904 3994 quod
924 3943 1022 3997 corpus
1040 3929 1147 3982 unicam
1165 3928 1268 3982 scilicet
1285 3928 1340 3982 Ec-

221 3993 329 4046 clesiam
353 3995 500 4049 nominavit
529 4034 663 4048 ......
692 3995 767 4048 Haec
790 3996 833 4048 est
848 3995 940 4049 tunica
958 3996 1140 4061 Inconsutilis,
1168 4011 1237 4064 quae
1255 3997 1340 4051 scIsss

220 4060 356 4126 nonfuit,
382 4063 429 4116 sed
455 4069 527 4116 sorte
551 4063 681 4131 provenit.
722 4063 807 4129 Igitur
824 4062 965 4117 Ecclesiae
989 4064 1068 4118 unius
1092 4070 1118 4118 et
1143 4065 1240 4118 unicae
1258 4081 1340 4118 unum

221 4145 332 4196 corpus,
352 4146 434 4184 unum
453 4138 534 4199 caput
554 4172 558 4183 .
578 4168 584 4179 .
608 4171 613 4181 .
633 4130 754 4184 Christus
772 4130 907 4196 videlicet,
933 4139 959 4186 et
977 4131 1077 4186 Christi
1101 4132 1216 4186 vIccrius
1235 4133 1339 4197 Petrus,
1424 4160 1425 4167 .

219 4196 344 4264 Petrique
363 4203 531 4252 suceessor.“
604 4199 626 4230 ³⁴
644 4197 756 4252 Pronus
774 4198 794 4250 I.
812 4198 900 4267 EpIst.
920 4199 953 4253 ad
972 4199 1091 4255 Corinth.
1110 4216 1168 4269 cup.
1187 4200 1235 4255 Ill.
1254 4218 1278 4253 v.
1300 4207 1338 4255 11.
