2910 4876
271 291 312 354 tt
496 295 631 350 Dauuls
649 294 868 350 6666666616
886 296 920 349 11.
939 295 970 351 6.
991 301 1029 350 ro.
1051 301 1089 351 ιι.
1109 301 1171 363 (to).

269 467 334 533 tiae
357 473 558 552 mercatores,
581 468 614 533 in
636 467 718 535 ostio
732 469 914 552 palaestrae
934 470 1008 533 ante
1023 468 1132 533 oculos
1146 468 1316 554 Pyrrhum,
1341 472 1396 553 qui

268 590 326 655 pro
346 567 482 655 imperio
499 568 691 637 decertando
714 569 760 635 sio
778 583 889 634 aurum
905 569 1112 654 despiciebat,
1136 571 1171 634 ut
1190 570 1311 638 dietum
1333 580 1394 640 est.

354 670 447 752 Quod
470 672 497 737 si
518 676 628 739 eontra
641 671 809 739 veritatem
825 677 984 739 ostensam
1007 671 1047 738 de
1070 672 1253 756 imparitate
1276 671 1393 737 vitium

218 792 252 843 66
270 773 412 857 instetur,
435 777 471 837 ut
492 773 625 856 adsolet,
647 793 706 857 per
727 772 894 839 victoriam
915 772 1024 838 David
1047 772 1088 840 de
1109 774 1206 840 Golia
1228 775 1395 840 obtentam

268 875 420 941 instantia
441 874 613 942 refellatur.
658 875 700 939 Et
728 873 756 940 si
777 874 913 956 gentiles
942 874 1031 939 aliud
1051 881 1216 958 peterent,
1243 876 1396 943 1161611661

268 977 372 1062 ipsam
393 997 452 1062 per
473 977 640 1043 victoriam
653 977 800 1045 Heroulis
822 975 855 1041 in
868 976 1039 1043 Antaeum.
1082 976 1222 1044 Stultum
1243 977 1330 1042 enim
1346 981 1396 1044 est

267 1077 374 1160 valde,
397 1078 491 1162 vires,
515 1099 595 1161 quas
617 1081 705 1145 Deus
728 1077 893 1162 confortat,
915 1078 1080 1144 inferiores
1092 1078 1202 1163 pugile
1224 1078 1392 1163 suspioari.

352 1179 426 1246 Jam
447 1179 525 1245 satis
547 1180 749 1247 manifestum
772 1184 830 1263 est,
854 1179 940 1261 quod
960 1200 1020 1265 por
1038 1180 1179 1247 duellum
1202 1179 1393 1264 adquiritur,

218 1292 249 1351 65
269 1281 309 1347 de
328 1282 402 1365 jure
425 1280 559 1363 adquiri.

678 1455 800 1529 [61666
821 1471 869 1517 xr.
894 1449 908 1535 (
937 1448 970 1536 .)]

352 1602 415 1670 Sed
429 1603 591 1668 Romanus
612 1604 751 1687 populus
772 1624 830 1689 per
852 1603 993 1671 duellum
1008 1602 1183 1686 adquisivit
1203 1604 1392 1688 imperium,

266 1704 352 1788 quod
379 1704 443 1770 tide
472 1703 577 1784 dignis
605 1698 794 1772 testimoniis
823 1707 1062 1791 comprobatur:
1093 1706 1127 1769 in
1149 1705 1267 1786 quibus
1290 1707 1390 1771 mani-

266 1805 424 1872 festandis
451 1825 515 1870 non
543 1807 645 1871 solum
673 1807 734 1873 hoo
762 1807 947 1893 apparebit,
977 1806 1034 1874 sed
1063 1806 1160 1873 etiam
1189 1806 1349 1889 quidquid
1371 1829 1393 1874 a

264 1906 525 1993 primordialibus
546 1907 672 1992 imperii
694 1909 830 1975 Romani
852 1908 1093 1993 dijudicandum
1116 1913 1194 1991 erat,
1217 1929 1276 1993 per
1298 1908 1390 1977 duel-

230 2031 245 2079 6
264 2012 331 2076 lum
350 2029 424 2076 esse
447 2008 633 2075 disoussum.
1334 1999 1336 2001 ’

348 2113 432 2176 Nam
455 2109 495 2176 de
516 2111 634 2196 primo,
658 2131 755 2193 quum
778 2111 818 2176 de
841 2109 918 2177 sede
939 2111 1040 2196 patris
1061 2112 1208 2194 Aeneae,
1240 2113 1296 2194 qui
1323 2114 1387 2198 pri-

263 2234 333 2280 mus
361 2218 454 2299 pater
481 2213 577 2297 hujus
604 2214 717 2298 populi
751 2213 825 2295 fuit,
860 2217 1036 2278 verteretur
1069 2211 1222 2295 litigium,
1253 2215 1390 2281 Turno

263 2317 450 2383 Rutulorum
472 2333 547 2396 rego
570 2320 679 2382 eontra
701 2320 821 2398 stante,
845 2312 885 2380 (16
909 2314 1065 2381 communi
1088 2314 1253 2380 amborum
1274 2334 1388 2398 regum

263 2417 416 2502 adsensu,
440 2416 483 2481 ad
505 2417 667 2500 ultimum,
696 2421 827 2501 propter
850 2415 992 2481 divinum
1016 2416 1253 2500 beneplacitum
1281 2417 1387 2500 inqui-

213 2519 411 2602 terendum,
434 2519 516 2583 inter
538 2538 574 2585 se
596 2518 697 2584 solum
721 2517 905 2583 dimicatum
928 2523 991 2600 est,
1014 2522 1049 2582 ut
1070 2518 1104 2582 in
1124 2517 1246 2583 ultimis
1269 2518 1385 2588 Aenei-

262 2620 320 2687 dos
350 2620 480 2686 oanitur.
525 2622 562 2685 In
591 2639 652 2702 quo
683 2618 812 2700 quidem
840 2637 943 2701 agone
978 2624 1068 2683 tanta
1096 2619 1226 2685 victoris
1254 2620 1387 2688 Aeneae

262 2722 430 2788 elementia
452 2721 525 2804 fuit,
556 2725 591 2786 ut
613 2720 675 2787 nisi
698 2721 838 2803 balteus,
868 2739 962 2802 quem
991 2721 1116 2785 Turnus
1137 2722 1279 2787 Pallanti
1308 2744 1330 2789 a
1350 2743 1386 2790 se

261 2823 365 2890 eooiso
395 2822 593 2907 detraxerat,
623 2824 798 2908 patuisset,
826 2822 911 2888 vieto
931 2810 1043 2888 ¹victor
1071 2823 1165 2887 simul
1187 2823 1288 2888 vitam
1311 2834 1383 2891 ‘oon-

261 2923 420 3009 donasset,
434 2930 465 2992 et
474 2945 597 3011 paoem,
609 2931 644 2990 ut
655 2926 768 2990 ultima
780 2923 920 2989 carmina
930 2924 1030 2990 nostri
1048 2926 1199 2990 Poetae
1214 2928 1382 2992 testantur.

210 3046 241 3097 15
345 3027 512 3108 Quumque
540 3025 603 3093 duo
630 3026 742 3112 populi
771 3046 811 3092 ex
839 3025 911 3111 ipsa
933 3025 1074 3109 ijana
1101 3016 1209 3093 radiae
1232 3027 1265 3092 in
1287 3027 1383 3093 Italia

286 3227 309 3259 ¹⁰
326 3228 359 3279 A.
377 3226 409 3279 F.
427 3227 462 3280 H.
481 3226 513 3280 V.
532 3257 564 3265 —
580 3228 613 3281 L.
632 3227 669 3280 M.
688 3232 716 3280 et
733 3226 792 3281 edd.
914 3225 959 3280 hio
982 3229 1077 3280 merito
1101 3229 1226 3280 statuunt
1247 3228 1280 3280 A.
1303 3232 1332 3283 et
1348 3227 1380 3282 V.

325 3313 441 3365 recentt.
457 3310 494 3364 de
513 3310 621 3365 Golt‘etb
913 3342 947 3351 —
964 3309 1071 3379 Reliqui
1088 3327 1142 3365 non
1160 3310 1338 3380 distinguunt.

286 3397 309 3429 ¹¹
326 3396 359 3452 F.
378 3397 510 3451 instantia
526 3394 677 3466 repelletur
889 3395 988 3449 2Ε(1(1.
1009 3396 1103 3450 testim.
1122 3397 1298 3466 approbetur

342 3483 375 3535 A.
393 3481 425 3534 r.
441 3481 475 3534 H.
494 3466 580 3535 usn.
599 3479 706 3549 aliquid
717 3485 775 3551 pa.
889 3480 1245 3549 massemanego

285 3567 309 3600 ¹²
325 3568 359 3620 A.
378 3567 453 3638 66666
470 3597 503 3605 -
520 3565 559 3619 Μ.
577 3566 666 3636 eptam
888 3567 898 3598 ¹
916 3565 954 3619 M.
973 3564 1155 3620 dimicandum
1172 3571 1233 3619 erat

284 3651 308 3685 ¹¹
325 3651 357 3704 F.
374 3651 408 3704 H.
426 3650 458 3704 1..
476 3651 508 3705 V.
535 3682 568 3689 -
593 3652 627 3704 A.
645 3649 683 3703 M.
708 3649 791 3719 inser.
888 3651 948 3704 ⁸H.
966 3667 1032 3721 repe
1049 3655 1216 3704 contestante

319 3734 549 3810 pugiles-Ede.
560 3734 644 3805 infer.
661 3734 793 3806 inpaptle
887 3735 898 3768 ⁰
915 3734 947 3788 F.
967 3751 1061 3804 repam
1079 3750 1212 3789 66666666

283 3823 306 3856 ¹⁵
322 3822 356 3875 F.
374 3821 408 3876 de
418 3822 487 3891 jure
504 3821 657 3890 acquiratur
872 3821 894 3853 ¹³
909 3820 944 3873 Η.
963 3820 1051 3874 666166
1069 3818 1218 3874 deterserat

257 3906 322 3976 066.
339 3906 387 3960 XI.
434 3906 442 3936 ¹
468 3904 537 3959 Novi
565 3903 661 3973 capitis
685 3903 792 3958 initium
871 3903 1114 3959 111161611611666

325 4077 349 4110 ¹⁰
365 4077 386 4128 I.
407 4075 550 4130 Samuel.
571 4074 685 4138 (Cathol.
704 4073 726 4128 I.
745 4073 857 4142 Regum)
874 4088 933 4142 cap.
947 4077 986 4128 tl.
1058 4075 1080 4106 ¹¹
1099 4073 1246 4139 „refellant
1263 4073 1372 4144 ipsam“,

256 4147 323 4212 puta
339 4143 505 4198 instantiam.

324 4211 396 4280 066.
414 4210 471 4267 XI.
509 4215 530 4245 ¹⁰
547 4211 656 4265 umen.
674 4209 773 4263 Aeneis
790 4207 852 4264 XlI.
870 4211 927 4261 942.
