2896 4876
292 312 341 366 ET
360 311 548 367 SIGLARUM
566 312 875 371 INTERPRETATIO.
1083 317 1146 370 LIX

107 486 277 552 Auctorem
305 484 406 550 libros
434 485 639 551 Monarchiae
667 485 701 551 in
729 487 924 570 ‚,oapitula“
951 487 1145 573 distinxisse,

47 617 93 679 rse
113 595 309 675 testificatur,
334 615 361 662 e.
384 615 431 678 gr.
454 596 525 660 Lib.
541 596 581 661 ΙΙ.
605 616 674 679 oap.
699 601 717 661 6
739 597 796 661 lin.
813 601 842 662 7.
877 597 947 662 Lib.
963 598 1005 663 ΙΙ.
1029 619 1098 684 oap.
1116 603 1145 665 8·

47 709 83 772 in.
107 712 158 773 75.
197 707 268 772 Lib.
291 707 351 771 III.
374 726 445 789 oap.
472 711 518 771 16.
541 707 598 770 lin.
625 712 651 770 1.
707 706 926 792 Capitulorum
959 716 1067 776 tamen
1100 711 1147 775 in-

47 818 163 902 triptio,
186 819 240 883 vel
262 817 440 883 numeratio
461 816 496 881 in
518 817 607 882 nulio
630 815 739 883 codiee
765 816 1025 901 deprehenditur.
1069 821 1147 888 Uni-

47 949 94 992 rm
123 927 220 1010 hujus
249 927 417 993 divisionis
445 926 598 992 indicium
627 932 676 992 est
703 927 859 1011 scriptura
888 928 930 994 ad
959 950 1078 996 novam
1109 933 1146 996 li·

47 1059 118 1104 eam
148 1057 329 1120 recurrens,
359 1037 479 1121 passim
508 1037 604 1103 etiam
632 1038 727 1102 litera
754 1038 887 1104 initialis
913 1039 1010 1122 paulo
1031 1042 1146 1124 major.

48 1155 230 1233 uantopere
251 1148 312 1214 hae
338 1148 372 1212 in
401 1147 605 1214 distinetione
627 1148 710 1213 inter
732 1167 767 1214 se
787 1149 914 1214 variant
940 1149 1014 1214 libri
1035 1170 1146 1217 manu-

47 1259 131 1343 tripti
161 1258 306 1324 indicant
332 1264 445 1340 notae,
476 1277 559 1340 quae
587 1258 684 1324 etiam
712 1259 852 1325 rationes
880 1266 1009 1325 nostrae
1036 1281 1146 1328 nume·

47 1369 156 1434 itionis
189 1374 363 1452 exponunt.
420 1366 566 1451 capitum
594 1387 758 1449 numeros,
792 1389 889 1452 quum
920 1369 954 1433 in
983 1369 1145 1438 eodioibus

47 1502 85 1546 on
115 1480 311 1560 habeantur,
341 1479 433 1544 unois
461 1482 470 1556 [
535 1478 768 1562 linelusimus,
805 1479 895 1544 uneis
921 1480 1003 1546 alius
1025 1479 1146 1548 formae

137 1590 149 1672 )
172 1609 227 1655 eos
248 1587 422 1669 addentes,
452 1608 531 1672 quos
558 1595 635 1654 ante
656 1608 716 1654 nos
738 1589 870 1655 Turrius
891 1597 923 1656 et
944 1590 1146 1658 Fratieellius

47 1700 189 1766 ederunt.

106 1810 392 1876 Enumerationem
414 1808 661 1890 tractandorum,
685 1827 779 1890 quam
795 1808 903 1875 statim
925 1809 1016 1876 initio
1039 1813 1145 1895 operis

47 1941 105 2004 rap.
132 1925 161 1985 2.
183 1921 238 1985 lin.
263 1925 390 1996 6-10.)
413 1919 533 2003 profert
553 1925 671 1998 auctor,
701 1918 801 1983 tribus
825 1918 917 1984 libris
938 1921 1144 2004 respondere,

47 2050 92 2097 use
122 2031 213 2097 testis
241 2037 290 2096 est
316 2030 387 2095 Lib.
410 2029 467 2094 ΙΙΙ.
497 2049 568 2112 oap.
595 2033 621 2093 1.
643 2029 700 2093 lin.
724 2033 753 2109 4,
777 2035 806 2109 5,
829 2029 885 2093 lin.
910 2035 959 2094 27.
1011 2031 1077 2097 Sed
1104 2051 1146 2098 ne

47 2161 106 2207 ane
121 2140 251 2223 quidem
274 2139 512 2206 distinotionem
526 2140 645 2206 diserte
667 2158 853 2222 expressam
875 2139 909 2204 in
930 2140 1078 2207 omnibus
1098 2142 1146 2206 in-

47 2251 143 2316 enies.
194 2251 337 2317 Habetur
365 2251 398 2316 in
421 2249 590 2316 Feliniano
613 2256 645 2316 et
666 2250 798 2315 Veneto.
843 2249 1009 2317 Palatinus
1030 2252 1144 2317 librum

47 2360 198 2428 reundum
227 2381 248 2426 a
275 2361 386 2444 tertio,
416 2380 481 2425 non
509 2379 586 2426 vero
615 2359 750 2444 primum
780 2360 962 2424 aseoundo
985 2362 1145 2446 expressis

46 2471 132 2537 erbis
165 2470 340 2553 distinguit.
396 2472 510 2553 Neque
539 2470 634 2553 aliter
663 2469 909 2550 Ambrosianus,
947 2471 1001 2554 qui
1024 2468 1144 2536 'tamen

47 2582 138 2646 brum
162 2581 346 2661 seeundum,
370 2603 435 2646 non
456 2581 582 2661 librum,
609 2579 667 2645 sed
689 2579 906 2660 quaestionem
930 2579 1015 2647 dioit.
1059 2583 1144 2647 Reli-

47 2692 78 2756 ui
99 2692 184 2757 inter
205 2691 304 2756 libros
326 2692 372 2755 nil
394 2691 456 2757 nisi
478 2690 583 2773 majus
604 2689 743 2773 spatium
765 2690 981 2774 interponunt.

107 2945 146 3009 In
186 2944 362 3012 referendis
399 2944 542 3011 oodioum
574 2943 764 3010 lectionibus
796 2944 843 3009 ita
875 2945 943 3029 egi,
980 2951 1015 3010 ut
1046 2944 1145 3028 siglas

47 3055 191 3136 brorum,
221 3074 353 3137 quorum
381 3055 571 3121 auctoritate
599 3061 721 3119 textum
749 3056 913 3134 constitui,
937 3054 1026 3120 initio
1048 3063 1146 3121 notae

49 3183 191 3247 onerem,
220 3166 302 3231 alias
322 3166 492 3246 lectionar,
522 3165 657 3229 alteram
679 3165 720 3229 ab
743 3165 847 3231 altera
867 3166 990 3233 lineola
1012 3170 1076 3242 (-)
1101 3167 1146 3231 di·

47 3275 204 3356 tinguens‚
236 3275 472 3359 subjungerem.
501 3311 543 3320 —
570 3273 704 3354 Quoties
731 3275 765 3338 in
794 3275 908 3343 eadem
931 3277 1018 3342 linea
1038 3283 1145 3343 textus

47 3383 149 3451 odiees
171 3385 301 3469 saepius
322 3386 457 3465 variant,
483 3386 577 3451 toties
598 3384 791 3450 variantium
815 3386 1011 3454 enumeratio
1034 3387 1067 3451 in
1090 3408 1146 3452 no·

47 3492 67 3558 is
88 3494 129 3560 ad
151 3516 269 3562 novam
292 3494 410 3562 lineam
434 3494 575 3562 reourrit.
