2902 4874
220 301 260 362 28
352 391 357 401 ἡ
483 304 619 360 DANTIS
637 305 855 362 MONARCHIA
873 305 895 358 Ι.
915 303 942 359 C.
965 311 1004 360 14.
1023 309 1084 369 (tot.

220 479 390 543 Praeterea
405 497 457 543 res
472 475 588 542 dicitur
602 498 672 546 esse
687 479 808 564 melior,
830 499 888 565 per
902 498 974 545 esse
988 479 1196 563 propinquior
1210 479 1345 564 optimo,

222 585 254 645 et
273 577 345 644 finis
366 579 465 645 habet
486 581 640 648 rationem
663 580 788 664 optimi,
819 579 877 646 sed
904 579 973 646 fieri
994 601 1052 664 per
1080 601 1177 646 unum
1199 585 1250 647 est
1271 602 1343 667 pro

172 698 203 748 15
222 680 370 766 pinquius
398 681 468 766 fini,
502 703 578 766 ergo
608 690 657 749 est
677 681 814 757 melius.
858 683 901 748 Et
929 682 1014 764 quod
1049 682 1091 748 sit
1123 683 1345 770 propinquius,

222 790 312 869 patet
332 785 392 850 sic:
417 782 466 849 Sit
486 784 558 850 finis
581 785 621 869 O,
644 783 713 851 fieri
734 805 792 870 per
813 805 910 850 unum
931 785 976 869 A,
1004 784 1177 869 perplura
1198 787 1228 851 Α
1251 791 1284 852 et
1306 786 1343 853 Β.

221 887 425 953 Manifestum
455 891 517 970 est,
553 886 639 968 quod
674 886 798 969 longior
826 892 875 954 est
902 886 957 951 via
984 887 1078 952 abA
1105 908 1163 972 per
1191 887 1217 951 Β
1245 887 1279 952 in
1309 887 1345 971 O,

196 1007 318 1071 ,quam
340 990 381 1054 ab
405 990 434 1055 A
456 992 578 1054 tantum
600 988 633 1052 in
656 988 690 1054 C.
736 989 801 1057 Sed
828 990 1001 1056 humanum
1022 1007 1123 1071 genus
1145 993 1252 1074 potest
1274 989 1345 1074 regi

220 1110 394 1175 perunum
418 1110 600 1177 supremum
621 1090 808 1175 principem,
831 1091 885 1173 qul
908 1095 956 1157 est
977 1091 1159 1157 Monarcha.

171 1206 203 1256 ao
307 1194 442 1277 Propter
470 1191 556 1274 quod
584 1192 814 1259 advertendum
844 1212 936 1277 sane,
968 1191 1068 1276 quod,
1098 1212 1195 1275 quum
1216 1192 1344 1277 dicitur,

220 1295 392 1360 humanum
413 1314 514 1377 genus
533 1300 640 1378 potest
660 1294 731 1376 regi
751 1314 927 1380 perunum
949 1315 1130 1380 supremum
1152 1294 1344 1379 Principem,

144 1437 150 1446 ·
219 1417 283 1463 non
312 1397 358 1462 sio
384 1396 628 1478 intelligendum
661 1403 723 1481 est,
757 1402 792 1461 ut
818 1397 951 1464 minima
976 1396 1097 1464 iudicia
1118 1395 1344 1479 cuiuscumque

221 1498 385 1584 municipii
407 1498 448 1563 ab
463 1499 521 1565 illo
536 1519 598 1566 uno
614 1498 798 1566 immediate
820 1499 947 1586 prodire
969 1498 1107 1584 possint3
1132 1517 1229 1581 quum
1246 1499 1344 1566 etiam

221 1603 310 1683 leges
349 1601 559 1686 municipales
593 1600 783 1684 quandoque
824 1601 987 1685 deficiant,
1028 1605 1060 1667 et
1091 1620 1170 1685 opus
1202 1600 1345 1668 habeant

169 1717 200 1768 25
223 1703 387 1787 directim,
403 1709 438 1768 ut
452 1708 542 1788 patet
554 1725 612 1789 per
624 1703 855 1788 Philosophum
873 1705 906 1769 in
922 1704 1031 1786 quinto
1045 1701 1089 1767 ad
1102 1701 1344 1788 Nicomachum,

223 1802 411 1870 ἐπιείκειαν
435 1806 717 1872 commendantem.
761 1806 890 1873 Habent
910 1825 1048 1888 namque
1062 1805 1218 1887 nationes,
1234 1823 1344 1890 regna,

223 1912 255 1972 et
278 1906 437 1991 civitates,
460 1907 543 1974 inter
564 1927 600 1974 se
620 1908 848 1992 proprietates,
872 1927 952 1989 quas
973 1908 1099 1990 legibus
1122 1907 1344 1975 differentibus

221 2008 361 2089 regulari
384 2013 517 2093 oportet.
561 2009 620 2075 Est
638 2009 722 2076 enirn
743 2010 797 2077 lex
811 2010 923 2092 regula
937 2009 1093 2076 directiva
1106 2009 1202 2076 vitae.
1241 2010 1346 2078 Aliter

179 2190 180 2194 Ἰ
222 2111 340 2195 quippe
361 2111 501 2192 regulari
530 2116 656 2195 oportet
679 2110 831 2198 Scythas,
862 2112 917 2194 qui
946 2119 1037 2179 extra
1058 2111 1227 2195 septimum
1250 2112 1347 2177 olima

169 2212 380 2296 attinentes,
421 2219 453 2279 et
490 2232 638 2296 magnam
679 2212 801 2280 dierum
835 2219 868 2279 et
905 2212 1045 2280 noctium
1082 2212 1345 2295 inaequalitatem

219 2314 393 2400 patienteS,
427 2315 621 2381 intolerabili
655 2316 746 2396 quasi
777 2316 887 2398 algore
920 2315 1046 2397 bigoris
1078 2319 1279 2400 premuntur,
1314 2319 1345 2383 et

248 2467 269 2499 ¹³
286 2467 320 2519 A.
346 2467 377 2521 F.
403 2466 441 2520 M.
466 2466 499 2520 V.
524 2497 557 2506 -
580 2466 612 2520 L.
638 2465 757 2538 Propter
839 2467 859 2498 ¹⁹
876 2466 913 2520 M.
932 2482 1062 2520 summum
1076 2466 1233 2537 principem

288 2568 332 2606 res
350 2581 382 2591 —
400 2552 431 2605 P.
451 2558 477 2606 et
500 2550 558 2605 edd.
581 2556 637 2605 ant.
662 2549 758 2605 Prima
834 2551 858 2585 ²⁰
875 2551 913 2604 M.
932 2550 1123 2605 advertendum
1141 2556 1266 2605 ostreae

287 2652 332 2690 res
355 2665 388 2677 -
410 2636 443 2689 H.
467 2635 543 2702 Quae
565 2651 664 2690 res-
686 2634 756 2689 Edd.
834 2637 858 2670 ²³
874 2635 944 2690 Edd.
964 2652 1046 2706 quum
1064 2641 1090 2689 et
1107 2635 1180 2705 tepet

287 2725 388 2776 recent.
430 2719 577 2775 lieeterea
596 2722 690 2792 prima
713 2737 758 2776 res
835 2723 857 2755 ²⁴
875 2722 909 2776 V.
940 2737 1010 2793 opus
1038 2719 1136 2777 lrabeat
1158 2749 1190 2759 —
1214 2719 1247 2772 F.
1274 2735 1348 2792 opus

303 2806 335 2858 F.
354 2805 388 2858 H.
406 2805 437 2858 L.
457 2806 487 2859 P.
507 2806 607 2860 dieitur
625 2805 719 2859 melior
876 2804 975 2860 babent

304 2893 337 2945 A.
356 2890 389 2944 Η.
414 2891 450 2944 Μ.
474 2889 507 2943 V.
532 2890 574 2944 Ita
595 2897 623 2945 et
646 2889 756 2944 Ficinus
834 2893 858 2926 ²⁵
875 2893 906 2947 F.
925 2891 963 2945 M.
990 2890 1023 2944 V.
1041 2919 1072 2929 —
1087 2889 1120 2943 L.
1139 2889 1256 2944 directio
1273 2921 1309 2928 -
1319 2891 1348 2944 A

285 2993 356 3047 „per
383 2975 489 3029 l’essere
512 2977 567 3046 piei
594 2977 757 3046 propinqua
875 2975 1005 3030 directius
1027 3005 1062 3014 -
1089 2974 1119 3027 P.
1149 2975 1283 3029 directum
1312 3006 1345 3014 -

287 3061 331 3114 etl
350 3061 460 3114 ottimo“
478 3059 627 3128 —Reliqui
638 3060 757 3130 propin·
874 3059 944 3116 Edd.
963 3064 990 3114 et
1007 3058 1093 3113 Ficin.
1112 3058 1261 3113 directione

289 3146 369 3215 quior
405 3145 535 3215 optimae,
571 3142 641 3211 quod
669 3143 756 3212 prima
833 3145 857 3177 2⁶
874 3143 951 3198 Unus
974 3143 1005 3196 L.
1030 3142 1173 3215 eppelciam
1191 3145 1348 3201 —caeteri

289 3244 370 3282 manu
389 3228 461 3283 etin
478 3226 546 3280 Ven.
564 3227 712 3296 legebatur.
875 3244 957 3283 sensu
975 3227 1094 3283 carentia
1112 3242 1241 3296 quaeque.

251 3316 269 3348 ¹⁴
288 3313 356 3368 Edd.
376 3311 713 3382 hebetratiouemoperoti
725 3343 754 3352 -
833 3313 856 3346 ²⁷
874 3313 907 3367 V.
927 3329 996 3384 quas
1012 3313 1116 3386 repulit
1133 3312 1223 3383 differ.

288 3398 321 3452 F.
341 3397 420 3454 babet
437 3402 503 3461 ναις
521 3397 569 3451 sed
583 3397 648 3467 fieri
834 3399 857 3431 ²⁹
873 3397 907 3452 H.
927 3397 1035 3454 Solitas
1052 3406 1133 3454 extra
1149 3400 1294 3470 septimum

288 3551 361 3621 (lup.
376 3551 459 3607 XIV.
483 3551 713 3605 ultramontes
724 3549 814 3604 Ethic.
826 3549 930 3604 Nicon.
940 3551 971 3605 V.
985 3554 1024 3604 tt.
1043 3551 1178 3605 Translat.
1197 3557 1269 3605 ant:
1288 3551 1345 3618 „Et

219 3628 260 3676 est
269 3621 338 3676 haec
347 3625 447 3675 ncturc
455 3634 523 3688 quae
533 3619 677 3689 Epyiohes,
688 3619 800 3673 directio
809 3619 883 3686 legis,
901 3620 947 3673 ubl
959 3618 1050 3674 deficit
1061 3624 1173 3689 propter
1182 3619 1342 3675 universale.

218 3691 293 3744 Haec
304 3690 375 3742 enirn
387 3704 478 3752 eausa,
496 3688 589 3742 eteius
598 3686 671 3757 quod
680 3703 735 3741 non
745 3686 834 3741 omnia
845 3687 1087 3756 secundumlegem
1096 3702 1163 3754 esse,
1173 3687 1343 3756 quoniamde

220 3757 380 3880 qiiibusdalm
397 3756 574 3878 ἰῶηροθθὶϋίἰί
578 3771 678 3824 ponere
695 3756 788 3878 leffim,
824 3770 896 3876 uaarec
908 3746 1044 3877 θθηῒθθθιξὲθι
1059 3758 1159 3876 ciret‘j.
1194 3755 1347 3877 Aliqrssantttt'

219 3841 413 4016 {iiiiiequt
425 3840 740 3974 1iiotmtiisrectiVUuiirulsegils‚l
756 3839 880 3972 ιἰὶὴἽθιιῖἓ
896 3838 987 3971 deefiscit
1009 3838 1261 3972 prilpterelilliqrigron
1279 3839 1343 3961 pairs·-

220 3969 360 4017 ucuarem
384 3976 485 4015 casum.
526 3961 595 4028 Quia
624 3977 693 4015 emm
723 3960 767 4014 lex
799 3958 891 4012 deficit
915 3975 943 4012 rn
964 3960 1189 4026 particularibus,
1219 3966 1273 4014 reta
1302 3966 1346 4014 est

219 4047 316 4094 causo,
344 4029 416 4099 quod
433 4045 488 4083 non
511 4028 599 4085 omnia
617 4034 733 4097 possunt
749 4026 921 4081 determinari
939 4028 1087 4082 secundum
1104 4027 1203 4096 legem,
1227 4028 1291 4096 qnia
1309 4026 1343 4081 de

220 4098 393 4166 quibusdam,
418 4113 487 4165 quae
509 4112 571 4152 raro
589 4096 729 4163 accidunt,
754 4094 921 4162 impossibile
945 4102 986 4149 est
1004 4095 1074 4164 quod
1092 4095 1135 4149 lex
1172 4099 1284 4163 oneum,
1310 4110 1342 4150 eo

220 4164 601 4302 ffffiggfssuffffmitqmnia
624 4164 689 4218 talia
712 4163 747 4218 ab
770 4163 877 4217 homine
900 4162 1060 4230 provideri.“
1095 4163 1136 4218 Cf.
1183 4168 1284 4218 .3-6.
1301 4163 1337 4217 D.
