2910 4876
364 305 500 361 DANTIS
517 304 741 362 MONAROHIA
754 304 789 367 II.
808 303 837 366 (t,
858 309 897 357 11.
917 306 978 371 (11).)
1191 298 1231 360 77

93 481 347 564 germinassent,
370 480 532 546 Romanus
553 477 704 546 videlicet
725 478 872 563 populus,
896 482 928 544 et
949 477 1102 562 Albanus,
1133 484 1231 561 atque

91 582 150 650 (le
179 583 270 664 signo
301 581 445 666 aquilae,
468 583 572 663 deque
594 580 766 666 penatibus
796 578 858 644 diis
880 578 1106 664 Frojanorum,
1134 587 1231 662 atque

91 685 266 770 «lignitate
297 683 498 769 principandi
530 684 626 765 longo
659 688 803 767 tempore
835 681 916 747 inter
951 700 986 746 se
1019 679 1232 767 disceptatum

89 793 210 873 ‹esset3
239 788 283 852 ad
305 776 466 869 ultimum,
497 784 538 851 de
567 784 724 851 communi
753 783 891 848 adsensu
918 782 1072 867 partium,
1101 789 1234 869 propter

92 876 292 954 instantiam
315 887 583 970 cognoscendam,
611 905 670 970 per
698 889 763 951 tres
792 885 985 951 Horatios
1013 885 1127 952 fratres
1148 887 1283 971 1110021)

102 996 140 1054 et
160 1010 219 1074 per
241 989 375 1057 totidem
398 987 607 1055 Curiatios
629 987 743 1054 fratres
764 984 849 1070 inde,
872 987 906 1050 in
928 992 1099 1073 conspectu
1120 1007 1233 1071 regum

109 1097 140 1156 et
167 1092 359 1177 populorum
388 1090 576 1156 altrinsecus
606 1088 843 1174 expectantium
866 1088 1063 1156 decertatum
1085 1095 1148 1173 est3
1177 1091 1233 1156 ubi

109 1192 210 1259 tribus
239 1194 402 1278 pugilibus
430 1193 627 1258 Albanorum
654 1191 821 1276 peremtis,
855 1192 1069 1259 Romanorum
1098 1192 1231 1276 duobus,

109 1296 218 1377 palma
247 1295 399 1361 victoriae
429 1295 486 1360 sub
516 1291 654 1359 Hostilio
683 1310 758 1374 rege
784 1292 881 1358 cessit
901 1294 1063 1361 Romanis.
1107 1293 1149 1357 Et
1170 1293 1232 1361 hoc

110 1395 279 1480 diligenter
307 1396 448 1463 Livius
478 1396 511 1460 10
537 1394 642 1478 prima
669 1398 761 1478 parte
791 1395 946 1480 contexit,
979 1396 1029 1462 cni
1062 1394 1231 1462 Orosius
1249 1397 1282 1451 25

110 1497 205 1563 etiam
228 1501 432 1565 contestatur.

192 1597 319 1666 Deinde
342 1619 413 1664 oum
426 1596 578 1681 finitimis,
602 1597 688 1664 omni
705 1597 778 1681 jure
797 1598 874 1663 belli
889 1602 1026 1682 servato,
1050 1597 1230 1664 001080111-

112 1701 165 1786 nis,
190 1721 262 1766 cum
286 1699 492 1784 Samnitibus,
514 1699 590 1765 lioet
611 1700 644 1763 10
666 1699 870 1767 multitudine
892 1698 1149 1786 disceptantium,
1172 1702 1230 1767 sub

114 1801 211 1868 forma
241 1808 348 1867 tamen
370 1800 487 1886 duelli,
511 1801 551 1867 de
573 1800 711 1886 Imperio
735 1801 931 1867 decertatum
953 1802 1066 1887 luisse,
1090 1802 1232 1868 Livius

113 1909 232 1970 narrat:
254 1904 288 1968 10
310 1924 372 1987 quo
388 1901 517 1984 quidem
532 1902 627 1970 modo
651 1901 835 1971 decertandi
850 1924 921 1969 oum
938 1903 1142 1989 Samnitibus,
1166 1904 1231 1971 fere
1250 1910 1282 1962 30

110 2002 282 2074 Fortunam
307 2002 356 2091 (ut
377 2002 495 2090 dicam)
518 2005 658 2090 incoepti
686 2007 851 2089 poenituit.
895 2005 938 2070 Et
965 2005 1026 2072 hoc
1048 2007 1232 2073 Lucanus

108 2104 138 2173 10
161 2106 305 2176 secundo
327 2107 371 2173 ad
393 2108 575 2192 exemplum
597 2106 721 2173 reducit
742 2104 801 2172 sio:
1184 2130 1187 2139 ·

105 2424 108 2427 .
135 2382 157 2415 ¹⁰
175 2379 247 2433 Edd.
267 2377 408 2435 Romanas
431 2375 534 2432 scilicet

190 2462 315 2535 popalus
332 2462 411 2516 abest
428 2477 445 2516 a
461 2462 493 2515 F.
512 2462 546 2515 H.
560 2461 598 2514 Μ.
610 2462 643 2516 V.

136 2569 158 2601 ¹⁷
176 2567 211 2621 A.
229 2565 261 2620 F.
279 2565 313 2618 H.
333 2565 365 2617 L.
388 2563 425 2617 M.
443 2563 476 2618 V.
496 2563 646 2634 penatibus

177 2652 241 2706 aliis
271 2680 302 2688 -
335 2648 393 2702 Fic.
419 2648 494 2719 depii
518 2647 572 2703 Dei
597 2647 644 2717 fa·

176 2736 279 2791 miliari
618 2744 619 2753 ¹

138 2840 159 2872 ¹⁸
177 2839 310 2910 dipsitate
327 2837 405 2892 abest
424 2851 440 2888 a
458 2836 491 2891 F.

138 2945 158 2977 ¹⁹
175 2942 209 2995 A.
227 2940 261 2993 H.
279 2941 311 2993 L.
321 2939 359 2992 M.
371 2937 446 2989 -V.
466 2937 504 2991 od
520 2936 644 2990 ultimam

178 3025 314 3080 communi
334 3023 392 3077 ads.
418 3051 451 3061 -—
477 3022 511 3078 F.
537 3021 574 3075 ari
595 3021 643 3074 al.

177 3127 237 3166 cum
255 3124 328 3163 0000.

138 3213 161 3245 ²⁰
178 3211 209 3264 F.
219 3211 251 3265 V.
257 3209 517 3282 propterJustitiam
527 3225 644 3280 copra—

110 3366 112 3371 .
177 3296 264 3357 Ficin.
275 3311 326 3366 per
337 3309 482 3358 conoscere
501 3293 644 3348 iinstoaza

194 3379 270 3445 laiac,
298 3378 370 3448 quod
410 3378 513 3433 habent
543 3394 644 3444 omnes,

177 3466 305 3521 omittunt
339 3462 398 3517 edd.
440 3493 474 3502 -
506 3463 645 3531 Integrum

177 3550 268 3605 locum
286 3550 325 3604 ita
342 3549 408 3603 mire
426 3547 574 3616 corrumpit
591 3547 642 3601 M.:

171 3651 227 3708 per
248 3641 303 3690 tres
314 3633 442 3690 Oratores
452 3631 569 3702 Ptripes
582 3631 645 3687 tine

177 3723 204 3777 et
224 3736 280 3790 prr
304 3719 414 3774 totidem
433 3717 570 3788 Trojanos

139 3822 162 3855 ²¹
183 3820 306 3877 Oroatios
327 3836 377 3890 pro
405 3819 540 3874 Curiatios
569 3817 644 3874 exhi·

177 3907 244 3975 1001
260 3906 291 3960 F.
309 3905 343 3960 H.
362 3905 404 3971 V,
423 3904 526 3959 socium
547 3903 644 3964 erroris

765 2375 897 2430 habentes
931 2374 1058 2430 laconum
1092 2376 1232 2433 Lauinum

765 2459 825 2513 Div.
854 2459 1013 2515 Oomoediae
1039 2467 1232 2528 commentato·

765 2560 821 2599 rem
839 2543 883 2611 (ad
901 2544 998 2598 Parad.
1016 2545 1060 2599 VI.
1080 2550 1132 2614 39.)

782 2628 845 2683 inite
862 2628 990 2683 omittunt
1007 2629 1044 2683 M.
1063 2630 1097 2684 V.

723 2731 747 2763 ²²
764 2731 845 2785 alteri
860 2747 937 2786 serus
954 2730 1055 2786 habent
1073 2731 1151 2788 codd.

723 2832 746 2864 ²⁴
763 2831 797 2884 H.
818 2831 938 2887 Hostilio
962 2849 1027 2905 repe
1045 2833 1232 2888 1000110010-

762 2933 861 2971 norum
878 2919 957 2978 cessit

720 3018 743 3051 ²⁵
759 3019 792 3071 A.
810 3019 844 3072 H.
864 3020 895 3072 L.
914 3019 947 3073 V.
966 3021 1047 3091 cajus
1067 3020 1181 3076 Orosius

722 3120 754 3185 ²⁷,
770 3121 793 3153 ²⁸
810 3120 956 3187 Fraticell,
973 3138 1044 3176 unus
1063 3124 1188 3191 omnium,
1207 3130 1234 3179 01

763 3221 824 3260 cara
842 3204 905 3261 sau.
924 3211 951 3260 et
968 3223 1028 3262 0000
1047 3205 1140 3272 Samo.

723 3308 746 3340 ²⁸
763 3307 807 3372 H,
824 3307 869 3363 tie
887 3309 915 3362 irs
932 3309 1068 3372 multitud.
1090 3341 1124 3350 —
1147 3310 1180 3363 A.
1198 3310 1230 3363 F.

764 3391 1232 3459 memm—Mm

764 3494 819 3531 000
838 3478 912 3533 mult.

781 3562 814 3619 F.
832 3563 866 3616 H.
886 3563 917 3615 L.
935 3563 974 3616 M.
992 3563 1231 3628 decertantium—

764 3649 797 3702 V.
816 3647 1017 3703 detemtaatiam

671 3743 673 3747 ’
723 3749 747 3782 ²⁹
764 3749 795 3803 F.
817 3749 852 3802 H.
875 3749 907 3804 L.
925 3749 957 3803 V.
988 3752 1016 3805 et
1039 3748 1099 3805 edd.
1123 3755 1231 3819 praeter

763 3834 866 3891 Frutic.
882 3834 916 3888 de
932 3833 1003 3906 Imp.
1021 3833 1157 3891 0100001010

722 3937 746 3969 ³²
762 3935 831 4022 Edd.
850 3937 889 3990 sic
905 3935 1012 3990 reducit

179 4159 418 4221 ²⁵L1vrosI.2t,
437 4164 476 4214 25.
548 4159 668 4214 Onosrns
685 4158 785 4213 Histor.
804 4157 837 4210 II.
857 4162 881 4210 4.
954 4157 975 4189 ³¹
994 4155 1230 4212 100100οΡ001-

112 4229 157 4284 sal.
178 4229 212 4284 II.
234 4233 291 4283 135.
