<?xml version="1.0" encoding="UTF-8"?>
<!DOCTYPE html PUBLIC "-//W3C//DTD XHTML 1.0 Transitional//EN"
    "http://www.w3.org/TR/xhtml1/DTD/xhtml1-transitional.dtd">
<html xmlns="http://www.w3.org/1999/xhtml" xml:lang="en" lang="en">
 <head>
  <title>
</title>
<meta http-equiv="Content-Type" content="text/html;charset=utf-8" />
  <meta name='ocr-system' content='tesseract 3.04.00' />
  <meta name='ocr-capabilities' content='ocr_page ocr_carea ocr_par ocr_line ocrx_word'/>
</head>
<body>
  <div class='ocr_page' id='page_1' title='image "./dantisalligheri02wittgoog_0135.png"; bbox 0 0 2902 4874; ppageno 0'>
   <div class='ocr_carea' id='block_1_1' title="bbox 258 304 1066 366">
    <p class='ocr_par' dir='ltr' id='par_1_1' title="bbox 258 304 1066 366">
     <span class='ocr_line' id='line_1_1' title="bbox 258 304 1066 366; baseline 0 -3"><span class='ocrx_word' id='word_1_1' title='bbox 258 304 298 363; x_wconf 76' lang='lat'><strong>40</strong></span> <span class='ocrx_word' id='word_1_2' title='bbox 564 307 698 364; x_wconf 84' lang='lat' dir='ltr'>DANTIS</span> <span class='ocrx_word' id='word_1_3' title='bbox 717 308 929 364; x_wconf 81' lang='lat' dir='ltr'><strong>llONARCHIA</strong></span> <span class='ocrx_word' id='word_1_4' title='bbox 947 310 981 365; x_wconf 96' lang='lat' dir='ltr'><strong>II.</strong></span> <span class='ocrx_word' id='word_1_5' title='bbox 1002 327 1024 366; x_wconf 91' lang='lat' dir='ltr'><strong>c.</strong></span> <span class='ocrx_word' id='word_1_6' title='bbox 1043 315 1066 364; x_wconf 79' lang='lat'><strong>2.</strong></span> 
     </span>
    </p>
   </div>
   <div class='ocr_carea' id='block_1_2' title="bbox 722 485 910 560">
    <p class='ocr_par' dir='ltr' id='par_1_2' title="bbox 722 485 910 560">
     <span class='ocr_line' id='line_1_2' title="bbox 722 485 910 560; baseline -0.005 -13"><span class='ocrx_word' id='word_1_7' title='bbox 722 485 843 559; x_wconf 75' lang='lat' dir='ltr'><strong>[curun</strong></span> <span class='ocrx_word' id='word_1_8' title='bbox 864 485 910 560; x_wconf 83' lang='lat' dir='ltr'><strong>m]</strong></span> 
     </span>
    </p>
   </div>
   <div class='ocr_carea' id='block_1_3' title="bbox 210 633 1382 2853">
    <p class='ocr_par' dir='ltr' id='par_1_3' title="bbox 260 633 1379 1024">
     <span class='ocr_line' id='line_1_3' title="bbox 344 633 1379 721; baseline 0.002 -22"><span class='ocrx_word' id='word_1_9' title='bbox 344 635 518 715; x_wconf 91' lang='lat' dir='ltr'><strong>Postquam</strong></span> <span class='ocrx_word' id='word_1_10' title='bbox 546 633 752 717; x_wconf 89' lang='lat' dir='ltr'><strong>sufficienter,</strong></span> <span class='ocrx_word' id='word_1_11' title='bbox 782 635 954 701; x_wconf 92' lang='lat' dir='ltr'><strong>secundum</strong></span> <span class='ocrx_word' id='word_1_12' title='bbox 983 634 1068 716; x_wconf 95' lang='lat' dir='ltr'><strong>quod</strong></span> <span class='ocrx_word' id='word_1_13' title='bbox 1093 638 1227 701; x_wconf 87' lang='lat' dir='ltr'><strong>materia</strong></span> <span class='ocrx_word' id='word_1_14' title='bbox 1247 637 1379 721; x_wconf 89' lang='lat' dir='ltr'><strong>patitur,</strong></span> 
     </span>
     <span class='ocr_line' id='line_1_4' title="bbox 261 735 1379 820; baseline 0.004 -20"><span class='ocrx_word' id='word_1_15' title='bbox 261 735 300 800; x_wconf 94' lang='lat' dir='ltr'><strong>de</strong></span> <span class='ocrx_word' id='word_1_16' title='bbox 322 735 457 802; x_wconf 90' lang='lat' dir='ltr'><strong>veritate</strong></span> <span class='ocrx_word' id='word_1_17' title='bbox 478 736 600 820; x_wconf 82' lang='lat' dir='ltr'>primae</span> <span class='ocrx_word' id='word_1_18' title='bbox 616 735 823 803; x_wconf 88' lang='lat' dir='ltr'><strong>dubitationis</strong></span> <span class='ocrx_word' id='word_1_19' title='bbox 844 735 1031 817; x_wconf 87' lang='lat' dir='ltr'><strong>inquisitum</strong></span> <span class='ocrx_word' id='word_1_20' title='bbox 1049 742 1106 819; x_wconf 90' lang='lat' dir='ltr'><strong>est,</strong></span> <span class='ocrx_word' id='word_1_21' title='bbox 1129 737 1227 802; x_wconf 91' lang='lat' dir='ltr'><strong>instat</strong></span> <span class='ocrx_word' id='word_1_22' title='bbox 1240 757 1326 803; x_wconf 90' lang='lat' dir='ltr'><strong>nune</strong></span> <span class='ocrx_word' id='word_1_23' title='bbox 1340 737 1379 804; x_wconf 94' lang='lat' dir='ltr'><strong>de</strong></span> 
     </span>
     <span class='ocr_line' id='line_1_5' title="bbox 260 836 1378 924; baseline 0.003 -23"><span class='ocrx_word' id='word_1_24' title='bbox 260 837 394 904; x_wconf 85' lang='lat' dir='ltr'><strong>veritate</strong></span> <span class='ocrx_word' id='word_1_25' title='bbox 415 837 573 904; x_wconf 91' lang='lat' dir='ltr'><strong>secundae</strong></span> <span class='ocrx_word' id='word_1_26' title='bbox 594 836 766 918; x_wconf 87' lang='lat' dir='ltr'><strong>inquirere:</strong></span> <span class='ocrx_word' id='word_1_27' title='bbox 796 838 856 904; x_wconf 92' lang='lat' dir='ltr'><strong>hoc</strong></span> <span class='ocrx_word' id='word_1_28' title='bbox 877 842 940 920; x_wconf 91' lang='lat' dir='ltr'><strong>est,</strong></span> <span class='ocrx_word' id='word_1_29' title='bbox 966 843 1070 901; x_wconf 91' lang='lat' dir='ltr'><strong>utrum</strong></span> <span class='ocrx_word' id='word_1_30' title='bbox 1092 839 1253 904; x_wconf 87' lang='lat' dir='ltr'><strong>Romanus</strong></span> <span class='ocrx_word' id='word_1_31' title='bbox 1277 860 1378 924; x_wconf 91' lang='lat' dir='ltr'><strong>popu-</strong></span> 
     </span>
     <span class='ocr_line' id='line_1_6' title="bbox 260 937 1379 1024; baseline 0.004 -22"><span class='ocrx_word' id='word_1_32' title='bbox 260 939 310 1004; x_wconf 90' lang='lat' dir='ltr'><strong>lus</strong></span> <span class='ocrx_word' id='word_1_33' title='bbox 333 937 373 1004; x_wconf 91' lang='lat' dir='ltr'><strong>de</strong></span> <span class='ocrx_word' id='word_1_34' title='bbox 392 940 464 1023; x_wconf 88' lang='lat' dir='ltr'><strong>jure</strong></span> <span class='ocrx_word' id='word_1_35' title='bbox 479 938 541 1004; x_wconf 93' lang='lat' dir='ltr'><strong>sibi</strong></span> <span class='ocrx_word' id='word_1_36' title='bbox 555 937 728 1005; x_wconf 79' lang='lat' dir='ltr'><strong>adsciverit</strong></span> <span class='ocrx_word' id='word_1_37' title='bbox 747 939 877 1021; x_wconf 85' lang='lat' dir='ltr'><strong>Impen&#39;i</strong></span> <span class='ocrx_word' id='word_1_38' title='bbox 893 938 1088 1021; x_wconf 80' lang='lat' dir='ltr'><strong>dignitatem.</strong></span> <span class='ocrx_word' id='word_1_39' title='bbox 1128 940 1226 1024; x_wconf 84' lang='lat' dir='ltr'><strong>Oujus</strong></span> <span class='ocrx_word' id='word_1_40' title='bbox 1246 941 1379 1023; x_wconf 93' lang='lat' dir='ltr'><strong>quidem</strong></span> 
     </span>
    </p>

    <p class='ocr_par' dir='ltr' id='par_1_4' title="bbox 226 1040 1380 1328">
     <span class='ocr_line' id='line_1_7' title="bbox 226 1040 1380 1126; baseline 0.008 -27"><span class='ocrx_word' id='word_1_41' title='bbox 226 1050 240 1098; x_wconf 80' lang='lat'>5</span> <span class='ocrx_word' id='word_1_42' title='bbox 259 1040 472 1122; x_wconf 88' lang='lat' dir='ltr'><strong>inquisitionis</strong></span> <span class='ocrx_word' id='word_1_43' title='bbox 493 1040 681 1125; x_wconf 92' lang='lat' dir='ltr'><strong>principium</strong></span> <span class='ocrx_word' id='word_1_44' title='bbox 703 1046 767 1124; x_wconf 89' lang='lat' dir='ltr'><strong>est,</strong></span> <span class='ocrx_word' id='word_1_45' title='bbox 797 1040 907 1108; x_wconf 86' lang='lat' dir='ltr'><strong>videre</strong></span> <span class='ocrx_word' id='word_1_46' title='bbox 936 1060 1017 1123; x_wconf 93' lang='lat' dir='ltr'><strong>quae</strong></span> <span class='ocrx_word' id='word_1_47' title='bbox 1039 1041 1081 1106; x_wconf 88' lang='lat' dir='ltr'><strong>sit</strong></span> <span class='ocrx_word' id='word_1_48' title='bbox 1109 1042 1167 1107; x_wconf 92' lang='lat' dir='ltr'><strong>illa</strong></span> <span class='ocrx_word' id='word_1_49' title='bbox 1188 1043 1323 1126; x_wconf 88' lang='lat' dir='ltr'><strong>veritas,</strong></span> <span class='ocrx_word' id='word_1_50' title='bbox 1347 1044 1380 1108; x_wconf 91' lang='lat' dir='ltr'><strong>in</strong></span> 
     </span>
     <span class='ocr_line' id='line_1_8' title="bbox 242 1141 1380 1229; baseline 0.006 -25"><span class='ocrx_word' id='word_1_51' title='bbox 242 1160 355 1222; x_wconf 82' lang='lat' dir='ltr'><strong>=quam</strong></span> <span class='ocrx_word' id='word_1_52' title='bbox 382 1141 521 1208; x_wconf 88' lang='lat' dir='ltr'><strong>rationes</strong></span> <span class='ocrx_word' id='word_1_53' title='bbox 549 1142 763 1223; x_wconf 82' lang='lat' dir='ltr'><strong>inquisitionis</strong></span> <span class='ocrx_word' id='word_1_54' title='bbox 785 1144 979 1227; x_wconf 89' lang='lat' dir='ltr'><strong>praesentis,</strong></span> <span class='ocrx_word' id='word_1_55' title='bbox 1009 1144 1098 1210; x_wconf 89' lang='lat' dir='ltr'><strong>velut</strong></span> <span class='ocrx_word' id='word_1_56' title='bbox 1125 1143 1158 1208; x_wconf 94' lang='lat' dir='ltr'><strong>in</strong></span> <span class='ocrx_word' id='word_1_57' title='bbox 1186 1145 1380 1229; x_wconf 91' lang='lat' dir='ltr'><strong>principium</strong></span> 
     </span>
     <span class='ocr_line' id='line_1_9' title="bbox 259 1243 659 1328; baseline 0.008 -21"><span class='ocrx_word' id='word_1_58' title='bbox 259 1243 437 1328; x_wconf 91' lang='lat' dir='ltr'><strong>proprium,</strong></span> <span class='ocrx_word' id='word_1_59' title='bbox 460 1243 659 1310; x_wconf 79' lang='lat' dir='ltr'><strong>reducantur.</strong></span> 
     </span>
    </p>

    <p class='ocr_par' dir='ltr' id='par_1_5' title="bbox 259 1342 1380 1534">
     <span class='ocr_line' id='line_1_10' title="bbox 346 1342 1380 1433; baseline 0.005 -25"><span class='ocrx_word' id='word_1_60' title='bbox 346 1342 516 1412; x_wconf 86' lang='lat' dir='ltr'><strong>Sciendum</strong></span> <span class='ocrx_word' id='word_1_61' title='bbox 538 1351 586 1412; x_wconf 89' lang='lat' dir='ltr'><strong>est</strong></span> <span class='ocrx_word' id='word_1_62' title='bbox 607 1345 717 1428; x_wconf 82' lang='lat' dir='ltr'><strong>igitur,</strong></span> <span class='ocrx_word' id='word_1_63' title='bbox 742 1344 1108 1428; x_wconf 83' lang='lat' dir='ltr'><strong>quod&#39;quemadmodum</strong></span> <span class='ocrx_word' id='word_1_64' title='bbox 1129 1367 1181 1413; x_wconf 91' lang='lat' dir='ltr'><strong>ars</strong></span> <span class='ocrx_word' id='word_1_65' title='bbox 1202 1347 1236 1413; x_wconf 92' lang='lat' dir='ltr'><strong>in</strong></span> <span class='ocrx_word' id='word_1_66' title='bbox 1258 1348 1380 1433; x_wconf 91' lang='lat' dir='ltr'><strong>triplici</strong></span> 
     </span>
     <span class='ocr_line' id='line_1_11' title="bbox 259 1445 1379 1534; baseline 0.004 -23"><span class='ocrx_word' id='word_1_67' title='bbox 259 1445 361 1527; x_wconf 82' lang='lat' dir='ltr'><strong>gradu</strong></span> <span class='ocrx_word' id='word_1_68' title='bbox 380 1447 553 1530; x_wconf 88' lang='lat' dir='ltr'><strong>invenitur,</strong></span> <span class='ocrx_word' id='word_1_69' title='bbox 577 1448 610 1511; x_wconf 94' lang='lat' dir='ltr'><strong>in</strong></span> <span class='ocrx_word' id='word_1_70' title='bbox 630 1452 762 1514; x_wconf 93' lang='lat' dir='ltr'><strong>mente</strong></span> <span class='ocrx_word' id='word_1_71' title='bbox 784 1448 906 1514; x_wconf 88' lang='lat' dir='ltr'><strong>seilicet</strong></span> <span class='ocrx_word' id='word_1_72' title='bbox 928 1448 1127 1531; x_wconf 85' lang='lat' dir='ltr'><strong>artificis,</strong></span> <span class='ocrx_word' id='word_1_73' title='bbox 1149 1449 1182 1513; x_wconf 95' lang='lat' dir='ltr'><strong>in</strong></span> <span class='ocrx_word' id='word_1_74' title='bbox 1209 1468 1379 1534; x_wconf 83' lang='lat' dir='ltr'><strong>organo,</strong></span> 
     </span>
    </p>

    <p class='ocr_par' dir='ltr' id='par_1_6' title="bbox 210 1548 1382 2853">
     <span class='ocr_line' id='line_1_12' title="bbox 212 1548 1378 1635; baseline 0.003 -22"><span class='ocrx_word' id='word_1_75' title='bbox 212 1564 241 1613; x_wconf 80' lang='lat' dir='ltr'><strong>ro</strong></span> <span class='ocrx_word' id='word_1_76' title='bbox 260 1554 292 1613; x_wconf 91' lang='lat' dir='ltr'><strong>et</strong></span> <span class='ocrx_word' id='word_1_77' title='bbox 312 1549 346 1612; x_wconf 92' lang='lat' dir='ltr'><strong>in</strong></span> <span class='ocrx_word' id='word_1_78' title='bbox 368 1548 536 1615; x_wconf 90' lang='lat' dir='ltr'><strong>materia</strong></span> <span class='ocrx_word' id='word_1_79' title='bbox 557 1549 693 1616; x_wconf 85' lang='lat' dir='ltr'><strong>formata</strong></span> <span class='ocrx_word' id='word_1_80' title='bbox 707 1569 765 1635; x_wconf 92' lang='lat' dir='ltr'><strong>per</strong></span> <span class='ocrx_word' id='word_1_81' title='bbox 785 1555 896 1634; x_wconf 90' lang='lat' dir='ltr'><strong>artem,</strong></span> <span class='ocrx_word' id='word_1_82' title='bbox 919 1550 1015 1615; x_wconf 87' lang='lat' dir='ltr'><strong>sicet</strong></span> <span class='ocrx_word' id='word_1_83' title='bbox 1034 1555 1180 1614; x_wconf 91' lang='lat' dir='ltr'><strong>naturam</strong></span> <span class='ocrx_word' id='word_1_84' title='bbox 1202 1551 1235 1615; x_wconf 91' lang='lat' dir='ltr'><strong>in</strong></span> <span class='ocrx_word' id='word_1_85' title='bbox 1257 1551 1378 1635; x_wconf 92' lang='lat' dir='ltr'><strong>triplici</strong></span> 
     </span>
     <span class='ocr_line' id='line_1_13' title="bbox 259 1650 1379 1737; baseline 0.003 -22"><span class='ocrx_word' id='word_1_86' title='bbox 259 1650 361 1731; x_wconf 83' lang='lat' dir='ltr'><strong>gradu</strong></span> <span class='ocrx_word' id='word_1_87' title='bbox 382 1669 550 1733; x_wconf 85' lang='lat' dir='ltr'><strong>possumus</strong></span> <span class='ocrx_word' id='word_1_88' title='bbox 572 1651 695 1717; x_wconf 92' lang='lat' dir='ltr'><strong>intueri.</strong></span> <span class='ocrx_word' id='word_1_89' title='bbox 732 1652 790 1717; x_wconf 84' lang='lat' dir='ltr'><strong>Est</strong></span> <span class='ocrx_word' id='word_1_90' title='bbox 812 1652 896 1718; x_wconf 92' lang='lat' dir='ltr'><strong>enim</strong></span> <span class='ocrx_word' id='word_1_91' title='bbox 917 1657 1030 1716; x_wconf 92' lang='lat' dir='ltr'><strong>natura</strong></span> <span class='ocrx_word' id='word_1_92' title='bbox 1051 1651 1085 1716; x_wconf 93' lang='lat' dir='ltr'><strong>in</strong></span> <span class='ocrx_word' id='word_1_93' title='bbox 1107 1657 1237 1718; x_wconf 91' lang='lat' dir='ltr'><strong>mente</strong></span> <span class='ocrx_word' id='word_1_94' title='bbox 1259 1653 1379 1737; x_wconf 93' lang='lat' dir='ltr'><strong>primi</strong></span> 
     </span>
     <span class='ocr_line' id='line_1_14' title="bbox 259 1751 1379 1836; baseline 0.004 -20"><span class='ocrx_word' id='word_1_95' title='bbox 259 1752 442 1836; x_wconf 89' lang='lat' dir='ltr'><strong>motoris,</strong></span> <span class='ocrx_word' id='word_1_96' title='bbox 466 1754 520 1834; x_wconf 95' lang='lat' dir='ltr'><strong>qui</strong></span> <span class='ocrx_word' id='word_1_97' title='bbox 535 1755 624 1820; x_wconf 86' lang='lat' dir='ltr'><strong>Deus</strong></span> <span class='ocrx_word' id='word_1_98' title='bbox 639 1759 696 1836; x_wconf 89' lang='lat' dir='ltr'><strong>est,</strong></span> <span class='ocrx_word' id='word_1_99' title='bbox 713 1751 829 1820; x_wconf 94' lang='lat' dir='ltr'><strong>deinde</strong></span> <span class='ocrx_word' id='word_1_100' title='bbox 843 1753 877 1817; x_wconf 91' lang='lat' dir='ltr'><strong>in</strong></span> <span class='ocrx_word' id='word_1_101' title='bbox 892 1753 981 1820; x_wconf 92' lang='lat' dir='ltr'><strong>coelo</strong></span> <span class='ocrx_word' id='word_1_102' title='bbox 995 1758 1147 1834; x_wconf 91' lang='lat' dir='ltr'><strong>tanquam</strong></span> <span class='ocrx_word' id='word_1_103' title='bbox 1161 1753 1195 1818; x_wconf 91' lang='lat' dir='ltr'><strong>in</strong></span> <span class='ocrx_word' id='word_1_104' title='bbox 1211 1773 1379 1836; x_wconf 83' lang='lat' dir='ltr'><strong>organo,</strong></span> 
     </span>
     <span class='ocr_line' id='line_1_15' title="bbox 261 1853 1379 1934; baseline 0.003 -17"><span class='ocrx_word' id='word_1_105' title='bbox 261 1873 322 1934; x_wconf 94' lang='lat' dir='ltr'><strong>quo</strong></span> <span class='ocrx_word' id='word_1_106' title='bbox 345 1854 504 1921; x_wconf 89' lang='lat' dir='ltr'><strong>mediante</strong></span> <span class='ocrx_word' id='word_1_107' title='bbox 520 1855 693 1921; x_wconf 92' lang='lat' dir='ltr'><strong>similitudo</strong></span> <span class='ocrx_word' id='word_1_108' title='bbox 715 1853 868 1921; x_wconf 87' lang='lat' dir='ltr'><strong>bonitatis</strong></span> <span class='ocrx_word' id='word_1_109' title='bbox 883 1860 1032 1921; x_wconf 83' lang='lat' dir='ltr'><strong>aeternae</strong></span> <span class='ocrx_word' id='word_1_110' title='bbox 1054 1854 1087 1918; x_wconf 95' lang='lat' dir='ltr'><strong>in</strong></span> <span class='ocrx_word' id='word_1_111' title='bbox 1101 1854 1277 1921; x_wconf 87' lang='lat' dir='ltr'><strong>fluitantem</strong></span> <span class='ocrx_word' id='word_1_112' title='bbox 1300 1876 1379 1920; x_wconf 94' lang='lat' dir='ltr'><strong>ma-</strong></span> 
     </span>
     <span class='ocr_line' id='line_1_16' title="bbox 260 1955 1380 2041; baseline 0.004 -21"><span class='ocrx_word' id='word_1_113' title='bbox 260 1955 404 2022; x_wconf 87' lang='lat' dir='ltr'><strong>teriam</strong></span> <span class='ocrx_word' id='word_1_114' title='bbox 433 1957 618 2041; x_wconf 85' lang='lat' dir='ltr'><strong>explicatur.</strong></span> <span class='ocrx_word' id='word_1_115' title='bbox 668 1958 709 2022; x_wconf 82' lang='grc' dir='ltr'><strong>Εῖ</strong></span> <span class='ocrx_word' id='word_1_116' title='bbox 745 1955 1012 2039; x_wconf 85' lang='lat' dir='ltr'><strong>quemadmodum</strong></span> <span class='ocrx_word' id='word_1_117' title='bbox 1046 1957 1186 2040; x_wconf 85' lang='lat' dir='ltr'><strong>perfecto</strong></span> <span class='ocrx_word' id='word_1_118' title='bbox 1221 1959 1380 2024; x_wconf 84' lang='lat' dir='ltr'><strong>existente</strong></span> 
     </span>
     <span class='ocr_line' id='line_1_17' title="bbox 212 2057 1378 2144; baseline 0.001 -22"><span class='ocrx_word' id='word_1_119' title='bbox 212 2074 241 2122; x_wconf 83' lang='lat'><strong>15</strong></span> <span class='ocrx_word' id='word_1_120' title='bbox 260 2057 389 2142; x_wconf 89' lang='lat' dir='ltr'><strong>artifice,</strong></span> <span class='ocrx_word' id='word_1_121' title='bbox 413 2063 508 2140; x_wconf 89' lang='lat' dir='ltr'><strong>atque</strong></span> <span class='ocrx_word' id='word_1_122' title='bbox 531 2059 648 2143; x_wconf 93' lang='lat' dir='ltr'><strong>optime</strong></span> <span class='ocrx_word' id='word_1_123' title='bbox 671 2078 790 2142; x_wconf 79' lang='lat' dir='ltr'><strong>organo</strong></span> <span class='ocrx_word' id='word_1_124' title='bbox 813 2078 846 2124; x_wconf 93' lang='lat' dir='ltr'><strong>se</strong></span> <span class='ocrx_word' id='word_1_125' title='bbox 863 2058 1009 2142; x_wconf 84' lang='lat' dir='ltr'><strong>habente,</strong></span> <span class='ocrx_word' id='word_1_126' title='bbox 1032 2059 1060 2124; x_wconf 90' lang='lat' dir='ltr'><strong>si</strong></span> <span class='ocrx_word' id='word_1_127' title='bbox 1082 2059 1244 2140; x_wconf 82' lang='lat' dir='ltr'><strong>contingat</strong></span> <span class='ocrx_word' id='word_1_128' title='bbox 1265 2079 1378 2144; x_wconf 91' lang='lat' dir='ltr'><strong>pecca-</strong></span> 
     </span>
     <span class='ocr_line' id='line_1_18' title="bbox 260 2159 1381 2253; baseline 0.004 -31"><span class='ocrx_word' id='word_1_129' title='bbox 260 2164 326 2224; x_wconf 92' lang='lat' dir='ltr'><strong>tum</strong></span> <span class='ocrx_word' id='word_1_130' title='bbox 349 2159 504 2226; x_wconf 81' lang='lat' dir='ltr'><strong>informa</strong></span> <span class='ocrx_word' id='word_1_131' title='bbox 526 2161 618 2245; x_wconf 89' lang='lat' dir='ltr'><strong>artis,</strong></span> <span class='ocrx_word' id='word_1_132' title='bbox 648 2161 801 2228; x_wconf 87' lang='lat' dir='ltr'><strong>materiae</strong></span> <span class='ocrx_word' id='word_1_133' title='bbox 829 2164 952 2225; x_wconf 88' lang='lat' dir='ltr'><strong>tantum</strong></span> <span class='ocrx_word' id='word_1_134' title='bbox 966 2159 1200 2253; x_wconf 79' lang='lat' dir='ltr'><strong>¹imputandum</strong></span> <span class='ocrx_word' id='word_1_135' title='bbox 1230 2167 1294 2245; x_wconf 91' lang='lat' dir='ltr'><strong>est,</strong></span> <span class='ocrx_word' id='word_1_136' title='bbox 1325 2161 1381 2245; x_wconf 89' lang='lat' dir='ltr'><strong>sic,</strong></span> 
     </span>
     <span class='ocr_line' id='line_1_19' title="bbox 261 2261 1382 2347; baseline 0.003 -23"><span class='ocrx_word' id='word_1_137' title='bbox 261 2280 357 2343; x_wconf 95' lang='lat' dir='ltr'><strong>quum</strong></span> <span class='ocrx_word' id='word_1_138' title='bbox 379 2262 486 2327; x_wconf 89' lang='lat' dir='ltr'><strong>Deus</strong></span> <span class='ocrx_word' id='word_1_139' title='bbox 508 2262 653 2328; x_wconf 90' lang='lat' dir='ltr'><strong>ultimum</strong></span> <span class='ocrx_word' id='word_1_140' title='bbox 675 2261 877 2347; x_wconf 85' lang='lat' dir='ltr'><strong>perfeetionis</strong></span> <span class='ocrx_word' id='word_1_141' title='bbox 899 2261 1049 2345; x_wconf 83' lang='lat' dir='ltr'><strong>attingat,</strong></span> <span class='ocrx_word' id='word_1_142' title='bbox 1080 2267 1111 2328; x_wconf 92' lang='lat' dir='ltr'><strong>et</strong></span> <span class='ocrx_word' id='word_1_143' title='bbox 1132 2262 1382 2330; x_wconf 87' lang='lat' dir='ltr'><strong>instrumen-</strong></span> 
     </span>
     <span class='ocr_line' id='line_1_20' title="bbox 260 2359 1378 2450; baseline 0.004 -25"><span class='ocrx_word' id='word_1_144' title='bbox 260 2368 339 2426; x_wconf 94' lang='lat' dir='ltr'><strong>tum</strong></span> <span class='ocrx_word' id='word_1_145' title='bbox 362 2362 432 2446; x_wconf 92' lang='lat' dir='ltr'><strong>ejus</strong></span> <span class='ocrx_word' id='word_1_146' title='bbox 455 2359 556 2446; x_wconf 93' lang='lat' dir='ltr'><strong>(quod</strong></span> <span class='ocrx_word' id='word_1_147' title='bbox 577 2365 700 2430; x_wconf 91' lang='lat' dir='ltr'><strong>coelum</strong></span> <span class='ocrx_word' id='word_1_148' title='bbox 724 2362 785 2448; x_wconf 85' lang='lat' dir='ltr'><strong>est)</strong></span> <span class='ocrx_word' id='word_1_149' title='bbox 801 2363 923 2427; x_wconf 95' lang='lat' dir='ltr'><strong>nullum</strong></span> <span class='ocrx_word' id='word_1_150' title='bbox 946 2361 1074 2430; x_wconf 90' lang='lat' dir='ltr'><strong>debitae</strong></span> <span class='ocrx_word' id='word_1_151' title='bbox 1096 2364 1301 2448; x_wconf 81' lang='lat' dir='ltr'><strong>perfectionis</strong></span> <span class='ocrx_word' id='word_1_152' title='bbox 1324 2385 1378 2450; x_wconf 91' lang='lat' dir='ltr'><strong>pa-</strong></span> 
     </span>
     <span class='ocr_line' id='line_1_21' title="bbox 260 2463 1377 2551; baseline 0.002 -22"><span class='ocrx_word' id='word_1_153' title='bbox 260 2463 357 2529; x_wconf 90' lang='lat' dir='ltr'><strong>tiatur</strong></span> <span class='ocrx_word' id='word_1_154' title='bbox 371 2463 538 2549; x_wconf 85' lang='lat' dir='ltr'><strong>defectum,</strong></span> <span class='ocrx_word' id='word_1_155' title='bbox 560 2471 595 2530; x_wconf 91' lang='lat' dir='ltr'><strong>ut</strong></span> <span class='ocrx_word' id='word_1_156' title='bbox 609 2487 650 2533; x_wconf 80' lang='lat' dir='ltr'><strong>ex</strong></span> <span class='ocrx_word' id='word_1_157' title='bbox 671 2465 711 2529; x_wconf 92' lang='lat' dir='ltr'><strong>iis</strong></span> <span class='ocrx_word' id='word_1_158' title='bbox 732 2469 822 2548; x_wconf 90' lang='lat' dir='ltr'><strong>patet</strong></span> <span class='ocrx_word' id='word_1_159' title='bbox 837 2483 920 2546; x_wconf 89' lang='lat' dir='ltr'><strong>quae</strong></span> <span class='ocrx_word' id='word_1_160' title='bbox 938 2464 978 2530; x_wconf 93' lang='lat' dir='ltr'><strong>de</strong></span> <span class='ocrx_word' id='word_1_161' title='bbox 1001 2466 1090 2532; x_wconf 89' lang='lat' dir='ltr'><strong>coelo</strong></span> <span class='ocrx_word' id='word_1_162' title='bbox 1105 2465 1377 2551; x_wconf 84' lang='lat' dir='ltr'><strong>philosophamur,</strong></span> 
     </span>
     <span class='ocr_line' id='line_1_22' title="bbox 210 2564 1377 2653; baseline -0.002 -19"><span class='ocrx_word' id='word_1_163' title='bbox 210 2582 242 2634; x_wconf 76' lang='lat' dir='ltr'><strong>uo</strong></span> <span class='ocrx_word' id='word_1_164' title='bbox 260 2571 368 2649; x_wconf 87' lang='lat' dir='ltr'><strong>restat,</strong></span> <span class='ocrx_word' id='word_1_165' title='bbox 392 2566 478 2646; x_wconf 91' lang='lat' dir='ltr'><strong>quod</strong></span> <span class='ocrx_word' id='word_1_166' title='bbox 500 2565 656 2649; x_wconf 88' lang='lat' dir='ltr'><strong>quidquid</strong></span> <span class='ocrx_word' id='word_1_167' title='bbox 676 2566 710 2630; x_wconf 94' lang='lat' dir='ltr'><strong>in</strong></span> <span class='ocrx_word' id='word_1_168' title='bbox 732 2566 826 2631; x_wconf 92' lang='lat' dir='ltr'><strong>rebus</strong></span> <span class='ocrx_word' id='word_1_169' title='bbox 848 2564 1049 2631; x_wconf 88' lang='lat' dir='ltr'><strong>inferioribus</strong></span> <span class='ocrx_word' id='word_1_170' title='bbox 1067 2574 1115 2633; x_wconf 92' lang='lat' dir='ltr'><strong>est</strong></span> <span class='ocrx_word' id='word_1_171' title='bbox 1138 2573 1315 2653; x_wconf 90' lang='lat' dir='ltr'><strong>peecatum,</strong></span> <span class='ocrx_word' id='word_1_172' title='bbox 1339 2589 1377 2635; x_wconf 85' lang='lat' dir='ltr'><strong>ex</strong></span> 
     </span>
     <span class='ocr_line' id='line_1_23' title="bbox 259 2667 1376 2753; baseline 0.003 -23"><span class='ocrx_word' id='word_1_173' title='bbox 259 2673 350 2749; x_wconf 88' lang='lat' dir='ltr'><strong>parte</strong></span> <span class='ocrx_word' id='word_1_174' title='bbox 372 2669 567 2735; x_wconf 87' lang='lat' dir='ltr'><strong>materiae</strong></span> <span class='ocrx_word' id='word_1_175' title='bbox 590 2667 785 2752; x_wconf 89' lang='lat' dir='ltr'><strong>subjacentis</strong></span> <span class='ocrx_word' id='word_1_176' title='bbox 805 2671 970 2752; x_wconf 91' lang='lat' dir='ltr'><strong>peccatum</strong></span> <span class='ocrx_word' id='word_1_177' title='bbox 992 2667 1050 2751; x_wconf 88' lang='lat' dir='ltr'><strong>sit,</strong></span> <span class='ocrx_word' id='word_1_178' title='bbox 1075 2674 1106 2735; x_wconf 91' lang='lat' dir='ltr'><strong>et</strong></span> <span class='ocrx_word' id='word_1_179' title='bbox 1128 2674 1255 2753; x_wconf 83' lang='lat' dir='ltr'><strong>praeter</strong></span> <span class='ocrx_word' id='word_1_180' title='bbox 1277 2670 1376 2735; x_wconf 89' lang='lat' dir='ltr'><strong>inten-</strong></span> 
     </span>
     <span class='ocr_line' id='line_1_24' title="bbox 259 2767 1376 2853; baseline 0.004 -22"><span class='ocrx_word' id='word_1_181' title='bbox 259 2767 378 2834; x_wconf 88' lang='lat' dir='ltr'><strong>tionem</strong></span> <span class='ocrx_word' id='word_1_182' title='bbox 401 2770 477 2836; x_wconf 92' lang='lat' dir='ltr'><strong>Dei</strong></span> <span class='ocrx_word' id='word_1_183' title='bbox 498 2771 729 2836; x_wconf 89' lang='lat' dir='ltr'><strong>naturantis</strong></span> <span class='ocrx_word' id='word_1_184' title='bbox 751 2776 784 2838; x_wconf 90' lang='lat' dir='ltr'><strong>et</strong></span> <span class='ocrx_word' id='word_1_185' title='bbox 805 2769 901 2852; x_wconf 87' lang='lat' dir='ltr'><strong>coeli;</strong></span> <span class='ocrx_word' id='word_1_186' title='bbox 934 2774 966 2835; x_wconf 90' lang='lat' dir='ltr'><strong>et</strong></span> <span class='ocrx_word' id='word_1_187' title='bbox 989 2769 1074 2851; x_wconf 94' lang='lat' dir='ltr'><strong>quod</strong></span> <span class='ocrx_word' id='word_1_188' title='bbox 1096 2770 1252 2853; x_wconf 91' lang='lat' dir='ltr'><strong>quidquid</strong></span> <span class='ocrx_word' id='word_1_189' title='bbox 1276 2772 1376 2837; x_wconf 92' lang='lat' dir='ltr'><strong>estin</strong></span> 
     </span>
    </p>
   </div>
   <div class='ocr_carea' id='block_1_4' title="bbox 262 2950 1424 3854">
    <p class='ocr_par' dir='ltr' id='par_1_7' title="bbox 262 2950 1424 3854">
     <span class='ocr_line' id='line_1_25' title="bbox 262 2950 1424 3020; baseline 0.003 -16"><span class='ocrx_word' id='word_1_190' title='bbox 262 2950 326 3020; x_wconf 84' lang='lat' dir='ltr'><strong>Cap.</strong></span> <span class='ocrx_word' id='word_1_191' title='bbox 338 2952 379 3006; x_wconf 92' lang='lat' dir='ltr'><strong>ll.</strong></span> <span class='ocrx_word' id='word_1_192' title='bbox 417 2953 428 2986; x_wconf 83' lang='lat'>³</span> <span class='ocrx_word' id='word_1_193' title='bbox 445 2952 478 3006; x_wconf 83' lang='lat' dir='ltr'><strong>V.</strong></span> <span class='ocrx_word' id='word_1_194' title='bbox 497 2953 617 3008; x_wconf 79' lang='lat' dir='ltr'><strong>securata</strong></span> <span class='ocrx_word' id='word_1_195' title='bbox 876 2953 905 3012; x_wconf 85' lang='lat'><strong>¹³,</strong></span> <span class='ocrx_word' id='word_1_196' title='bbox 929 2953 949 2984; x_wconf 71' lang='lat'><strong>¹⁴</strong></span> <span class='ocrx_word' id='word_1_197' title='bbox 967 2952 998 3006; x_wconf 97' lang='lat' dir='ltr'><strong>P.</strong></span> <span class='ocrx_word' id='word_1_198' title='bbox 1015 2951 1167 3020; x_wconf 81' lang='lat' dir='ltr'><strong>fluitantem</strong></span> <span class='ocrx_word' id='word_1_199' title='bbox 1184 2960 1312 3010; x_wconf 81' lang='lat' dir='ltr'><strong>naturam</strong></span> <span class='ocrx_word' id='word_1_200' title='bbox 1423 3017 1424 3020; x_wconf 7' lang='grc' dir='ltr'><strong>Ἰ</strong></span> 
     </span>
     <span class='ocr_line' id='line_1_26' title="bbox 346 3035 1379 3110; baseline 0.007 -21"><span class='ocrx_word' id='word_1_201' title='bbox 346 3036 379 3089; x_wconf 91' lang='grc' dir='ltr'><strong>Η.</strong></span> <span class='ocrx_word' id='word_1_202' title='bbox 398 3035 466 3091; x_wconf 81' lang='lat' dir='ltr'><strong>haee</strong></span> <span class='ocrx_word' id='word_1_203' title='bbox 483 3038 553 3091; x_wconf 87' lang='lat' dir='ltr'><strong>euim</strong></span> <span class='ocrx_word' id='word_1_204' title='bbox 570 3045 611 3092; x_wconf 86' lang='lat' dir='ltr'><strong>est</strong></span> <span class='ocrx_word' id='word_1_205' title='bbox 876 3038 896 3070; x_wconf 73' lang='lat'><strong>¹⁶</strong></span> <span class='ocrx_word' id='word_1_206' title='bbox 913 3037 947 3090; x_wconf 91' lang='lat' dir='ltr'><strong>H.</strong></span> <span class='ocrx_word' id='word_1_207' title='bbox 965 3037 1060 3091; x_wconf 87' lang='lat' dir='ltr'><strong>inserit</strong></span> <span class='ocrx_word' id='word_1_208' title='bbox 1083 3044 1110 3091; x_wconf 85' lang='lat' dir='ltr'><strong>et</strong></span> <span class='ocrx_word' id='word_1_209' title='bbox 1133 3054 1187 3091; x_wconf 87' lang='lat' dir='ltr'><strong>uou</strong></span> <span class='ocrx_word' id='word_1_210' title='bbox 1211 3040 1318 3110; x_wconf 80' lang='lat' dir='ltr'><strong>artifice</strong></span> <span class='ocrx_word' id='word_1_211' title='bbox 1339 3041 1379 3095; x_wconf 89' lang='lat' dir='ltr'><strong>uel</strong></span> 
     </span>
     <span class='ocr_line' id='line_1_27' title="bbox 304 3120 1378 3191; baseline 0.006 -18"><span class='ocrx_word' id='word_1_212' title='bbox 304 3121 315 3151; x_wconf 73' lang='lat'>⁴</span> <span class='ocrx_word' id='word_1_213' title='bbox 333 3121 365 3173; x_wconf 83' lang='lat' dir='ltr'><strong>A.</strong></span> <span class='ocrx_word' id='word_1_214' title='bbox 381 3120 559 3191; x_wconf 76' lang='lat' dir='ltr'><strong>adquisiverit</strong></span> <span class='ocrx_word' id='word_1_215' title='bbox 914 3138 1020 3191; x_wconf 74' lang='lat' dir='ltr'><strong>arpano</strong></span> <span class='ocrx_word' id='word_1_216' title='bbox 1036 3123 1108 3176; x_wconf 90' lang='lat' dir='ltr'><strong>inter</strong></span> <span class='ocrx_word' id='word_1_217' title='bbox 1125 3125 1193 3177; x_wconf 86' lang='lat' dir='ltr'><strong>artis</strong></span> <span class='ocrx_word' id='word_1_218' title='bbox 1210 3129 1238 3177; x_wconf 94' lang='lat' dir='ltr'><strong>et</strong></span> <span class='ocrx_word' id='word_1_219' title='bbox 1250 3127 1378 3180; x_wconf 82' lang='lat' dir='ltr'><strong>materiae</strong></span> 
     </span>
     <span class='ocr_line' id='line_1_28' title="bbox 345 3205 1377 3281; baseline 0.006 -23"><span class='ocrx_word' id='word_1_220' title='bbox 345 3205 377 3258; x_wconf 93' lang='lat' dir='ltr'><strong>F.</strong></span> <span class='ocrx_word' id='word_1_221' title='bbox 405 3205 499 3261; x_wconf 86' lang='lat' dir='ltr'><strong>inserit</strong></span> <span class='ocrx_word' id='word_1_222' title='bbox 523 3205 676 3261; x_wconf 84' lang='lat' dir='ltr'><strong>Romanum</strong></span> <span class='ocrx_word' id='word_1_223' title='bbox 702 3205 795 3277; x_wconf 84' lang='lat' dir='ltr'><strong>Impe-</strong></span> <span class='ocrx_word' id='word_1_224' title='bbox 875 3206 896 3238; x_wconf 84' lang='lat'><strong>¹⁸</strong></span> <span class='ocrx_word' id='word_1_225' title='bbox 913 3205 951 3262; x_wconf 87' lang='lat' dir='ltr'><strong>M.</strong></span> <span class='ocrx_word' id='word_1_226' title='bbox 976 3207 1098 3261; x_wconf 81' lang='lat' dir='ltr'><strong>instrum.</strong></span> <span class='ocrx_word' id='word_1_227' title='bbox 1120 3223 1199 3261; x_wconf 83' lang='lat' dir='ltr'><strong>suum</strong></span> <span class='ocrx_word' id='word_1_228' title='bbox 1220 3209 1277 3263; x_wconf 87' lang='lat' dir='ltr'><strong>siue</strong></span> <span class='ocrx_word' id='word_1_229' title='bbox 1297 3226 1377 3281; x_wconf 74' lang='lat' dir='ltr'><strong>orpu-</strong></span> 
     </span>
     <span class='ocr_line' id='line_1_29' title="bbox 329 3291 1284 3363; baseline 0.006 -21"><span class='ocrx_word' id='word_1_230' title='bbox 329 3291 400 3344; x_wconf 85' lang='lat' dir='ltr'><strong>rium</strong></span> <span class='ocrx_word' id='word_1_231' title='bbox 426 3291 481 3344; x_wconf 86' lang='lat' dir='ltr'><strong>siue</strong></span> <span class='ocrx_word' id='word_1_232' title='bbox 506 3291 577 3345; x_wconf 86' lang='lat' dir='ltr'><strong>inter</strong></span> <span class='ocrx_word' id='word_1_233' title='bbox 602 3291 746 3346; x_wconf 77' lang='lat' dir='ltr'><strong>adsciverit</strong></span> <span class='ocrx_word' id='word_1_234' title='bbox 769 3295 797 3346; x_wconf 89' lang='lat' dir='ltr'><strong>et</strong></span> <span class='ocrx_word' id='word_1_235' title='bbox 913 3306 977 3343; x_wconf 84' lang='lat' dir='ltr'><strong>uum</strong></span> <span class='ocrx_word' id='word_1_236' title='bbox 995 3293 1056 3362; x_wconf 81' lang='lat' dir='ltr'><strong>ejus</strong></span> <span class='ocrx_word' id='word_1_237' title='bbox 1068 3309 1122 3363; x_wconf 86' lang='lat' dir='ltr'><strong>per</strong></span> <span class='ocrx_word' id='word_1_238' title='bbox 1139 3292 1225 3347; x_wconf 86' lang='lat' dir='ltr'><strong>celum</strong></span> <span class='ocrx_word' id='word_1_239' title='bbox 1243 3301 1284 3348; x_wconf 87' lang='lat' dir='ltr'><strong>est</strong></span> 
     </span>
     <span class='ocr_line' id='line_1_30' title="bbox 329 3373 1377 3446; baseline 0.002 -18"><span class='ocrx_word' id='word_1_240' title='bbox 329 3373 445 3446; x_wconf 84' lang='lat' dir='ltr'><strong>Imperii</strong></span> <span class='ocrx_word' id='word_1_241' title='bbox 873 3377 897 3408; x_wconf 77' lang='lat'><strong>²²</strong></span> <span class='ocrx_word' id='word_1_242' title='bbox 914 3375 946 3429; x_wconf 98' lang='lat' dir='ltr'><strong>F.</strong></span> <span class='ocrx_word' id='word_1_243' title='bbox 964 3376 998 3429; x_wconf 89' lang='lat' dir='ltr'><strong>H.</strong></span> <span class='ocrx_word' id='word_1_244' title='bbox 1015 3375 1046 3431; x_wconf 91' lang='lat' dir='ltr'><strong>P.</strong></span> <span class='ocrx_word' id='word_1_245' title='bbox 1064 3406 1099 3416; x_wconf 91' lang='lat'><em>-</em></span> <span class='ocrx_word' id='word_1_246' title='bbox 1113 3376 1151 3430; x_wconf 89' lang='lat' dir='ltr'><strong>M.</strong></span> <span class='ocrx_word' id='word_1_247' title='bbox 1174 3376 1224 3431; x_wconf 87' lang='lat' dir='ltr'><strong>Dei</strong></span> <span class='ocrx_word' id='word_1_248' title='bbox 1235 3380 1377 3434; x_wconf 75' lang='lat' dir='ltr'><strong>naturales.</strong></span> 
     </span>
     <span class='ocr_line' id='line_1_31' title="bbox 306 3459 1377 3530; baseline 0.004 -17"><span class='ocrx_word' id='word_1_249' title='bbox 306 3462 316 3493; x_wconf 78' lang='lat'><strong>⁶</strong></span> <span class='ocrx_word' id='word_1_250' title='bbox 333 3460 365 3514; x_wconf 83' lang='lat' dir='ltr'><strong>A.</strong></span> <span class='ocrx_word' id='word_1_251' title='bbox 384 3464 412 3514; x_wconf 89' lang='lat' dir='ltr'><strong>et</strong></span> <span class='ocrx_word' id='word_1_252' title='bbox 430 3459 499 3516; x_wconf 83' lang='lat' dir='ltr'><strong>Edd.</strong></span> <span class='ocrx_word' id='word_1_253' title='bbox 518 3461 683 3530; x_wconf 79' lang='lat' dir='ltr'><strong>quaestionis</strong></span> <span class='ocrx_word' id='word_1_254' title='bbox 914 3491 946 3500; x_wconf 86' lang='lat'>—</span> <span class='ocrx_word' id='word_1_255' title='bbox 963 3460 996 3513; x_wconf 88' lang='lat' dir='ltr'><strong>L.</strong></span> <span class='ocrx_word' id='word_1_256' title='bbox 1016 3459 1047 3512; x_wconf 90' lang='lat' dir='ltr'><strong>V.</strong></span> <span class='ocrx_word' id='word_1_257' title='bbox 1066 3460 1120 3514; x_wconf 89' lang='lat' dir='ltr'><strong>Dei</strong></span> <span class='ocrx_word' id='word_1_258' title='bbox 1135 3464 1284 3516; x_wconf 82' lang='lat' dir='ltr'><strong>narrantis.</strong></span> <span class='ocrx_word' id='word_1_259' title='bbox 1295 3495 1330 3503; x_wconf 98' lang='lat'><strong>—</strong></span> <span class='ocrx_word' id='word_1_260' title='bbox 1345 3465 1377 3517; x_wconf 78' lang='lat' dir='ltr'><strong>A.</strong></span> 
     </span>
     <span class='ocr_line' id='line_1_32' title="bbox 305 3543 1377 3615; baseline 0.003 -17"><span class='ocrx_word' id='word_1_261' title='bbox 305 3545 316 3577; x_wconf 81' lang='lat'><strong>⁰</strong></span> <span class='ocrx_word' id='word_1_262' title='bbox 332 3546 365 3598; x_wconf 89' lang='lat' dir='ltr'><strong>A.</strong></span> <span class='ocrx_word' id='word_1_263' title='bbox 382 3545 414 3598; x_wconf 89' lang='lat' dir='ltr'><strong>F.</strong></span> <span class='ocrx_word' id='word_1_264' title='bbox 432 3544 462 3598; x_wconf 92' lang='lat' dir='ltr'><strong>P.</strong></span> <span class='ocrx_word' id='word_1_265' title='bbox 480 3544 512 3598; x_wconf 87' lang='lat' dir='ltr'><strong>V.</strong></span> <span class='ocrx_word' id='word_1_266' title='bbox 531 3546 558 3598; x_wconf 84' lang='lat' dir='ltr'><strong>iu</strong></span> <span class='ocrx_word' id='word_1_267' title='bbox 578 3561 633 3615; x_wconf 85' lang='lat' dir='ltr'><strong>qua</strong></span> <span class='ocrx_word' id='word_1_268' title='bbox 650 3548 770 3600; x_wconf 79' lang='lat' dir='ltr'><strong>ratioues</strong></span> <span class='ocrx_word' id='word_1_269' title='bbox 916 3543 1164 3600; x_wconf 84' lang='lat' dir='ltr'><strong>Ceiiaaturaeutis.</strong></span> <span class='ocrx_word' id='word_1_270' title='bbox 1178 3577 1205 3584; x_wconf 88' lang='lat'>-</span> <span class='ocrx_word' id='word_1_271' title='bbox 1219 3545 1291 3602; x_wconf 85' lang='lat' dir='ltr'><strong>Edd.</strong></span> <span class='ocrx_word' id='word_1_272' title='bbox 1302 3548 1377 3604; x_wconf 91' lang='lat' dir='ltr'><strong>omit-</strong></span> 
     </span>
     <span class='ocr_line' id='line_1_33' title="bbox 291 3629 1147 3700; baseline 0.001 -17"><span class='ocrx_word' id='word_1_273' title='bbox 291 3631 310 3662; x_wconf 92' lang='lat'><strong>¹¹</strong></span> <span class='ocrx_word' id='word_1_274' title='bbox 328 3629 359 3683; x_wconf 88' lang='lat' dir='ltr'><strong>F.</strong></span> <span class='ocrx_word' id='word_1_275' title='bbox 375 3630 561 3700; x_wconf 83' lang='lat' dir='ltr'><strong>presumimus</strong></span> <span class='ocrx_word' id='word_1_276' title='bbox 577 3630 678 3683; x_wconf 82' lang='lat' dir='ltr'><strong>intueri</strong></span> <span class='ocrx_word' id='word_1_277' title='bbox 914 3636 975 3684; x_wconf 87' lang='lat' dir='ltr'><strong>tunt</strong></span> <span class='ocrx_word' id='word_1_278' title='bbox 992 3632 1147 3684; x_wconf 82' lang='lat' dir='ltr'><strong>naturantis</strong></span> 
     </span>
     <span class='ocr_line' id='line_1_34' title="bbox 290 3713 1216 3784; baseline 0.002 -17"><span class='ocrx_word' id='word_1_279' title='bbox 290 3715 312 3746; x_wconf 78' lang='lat'><strong>¹²</strong></span> <span class='ocrx_word' id='word_1_280' title='bbox 328 3715 360 3767; x_wconf 90' lang='lat' dir='ltr'><strong>A.</strong></span> <span class='ocrx_word' id='word_1_281' title='bbox 379 3713 413 3767; x_wconf 91' lang='lat' dir='ltr'><strong>H.</strong></span> <span class='ocrx_word' id='word_1_282' title='bbox 432 3716 481 3783; x_wconf 85' lang='lat' dir='ltr'><strong>qui</strong></span> <span class='ocrx_word' id='word_1_283' title='bbox 496 3721 536 3768; x_wconf 86' lang='lat' dir='ltr'><strong>est</strong></span> <span class='ocrx_word' id='word_1_284' title='bbox 553 3714 627 3768; x_wconf 86' lang='lat' dir='ltr'><strong>Deus</strong></span> <span class='ocrx_word' id='word_1_285' title='bbox 929 3714 961 3767; x_wconf 89' lang='lat' dir='ltr'><strong>F.</strong></span> <span class='ocrx_word' id='word_1_286' title='bbox 980 3719 1007 3767; x_wconf 91' lang='lat' dir='ltr'><strong>et</strong></span> <span class='ocrx_word' id='word_1_287' title='bbox 1024 3714 1159 3784; x_wconf 79' lang='lat' dir='ltr'><strong>quidquid</strong></span> <span class='ocrx_word' id='word_1_288' title='bbox 1175 3721 1216 3769; x_wconf 84' lang='lat' dir='ltr'><strong>est</strong></span> 
     </span>
     <span class='ocr_line' id='line_1_35' title="bbox 347 3798 642 3854; baseline 0 -2"><span class='ocrx_word' id='word_1_289' title='bbox 347 3799 376 3852; x_wconf 87' lang='lat' dir='ltr'><strong>P.</strong></span> <span class='ocrx_word' id='word_1_290' title='bbox 395 3798 499 3852; x_wconf 77' lang='lat' dir='ltr'><strong>demum</strong></span> <span class='ocrx_word' id='word_1_291' title='bbox 518 3800 546 3852; x_wconf 88' lang='lat' dir='ltr'><strong>iu</strong></span> <span class='ocrx_word' id='word_1_292' title='bbox 566 3798 642 3854; x_wconf 84' lang='lat' dir='ltr'><strong>coelo</strong></span> 
     </span>
    </p>
   </div>
   <div class='ocr_carea' id='block_1_5' title="bbox 330 3967 1290 4037">
    <p class='ocr_par' dir='ltr' id='par_1_8' title="bbox 330 3967 1290 4037">
     <span class='ocr_line' id='line_1_36' title="bbox 330 3967 1290 4037; baseline 0.001 -13"><span class='ocrx_word' id='word_1_293' title='bbox 330 3967 402 4037; x_wconf 71' lang='lat' dir='ltr'><strong>Gap.</strong></span> <span class='ocrx_word' id='word_1_294' title='bbox 420 3967 463 4024; x_wconf 93' lang='lat'><strong>11.</strong></span> <span class='ocrx_word' id='word_1_295' title='bbox 499 3969 523 4002; x_wconf 77' lang='lat'><strong>²²</strong></span> <span class='ocrx_word' id='word_1_296' title='bbox 540 3968 640 4023; x_wconf 83' lang='lat' dir='ltr'><strong>Similia</strong></span> <span class='ocrx_word' id='word_1_297' title='bbox 657 3969 787 4024; x_wconf 85' lang='lat' dir='ltr'><strong>habemus</strong></span> <span class='ocrx_word' id='word_1_298' title='bbox 804 3969 832 4023; x_wconf 91' lang='lat' dir='ltr'><strong>in</strong></span> <span class='ocrx_word' id='word_1_299' title='bbox 849 3968 979 4022; x_wconf 87' lang='lat' dir='ltr'><strong>Paradiso</strong></span> <span class='ocrx_word' id='word_1_300' title='bbox 997 3969 1137 4024; x_wconf 84' lang='lat' dir='ltr'><strong>Aucuours</strong></span> <span class='ocrx_word' id='word_1_301' title='bbox 1155 3969 1229 4024; x_wconf 86' lang='lat' dir='ltr'><strong>XIII.</strong></span> <span class='ocrx_word' id='word_1_302' title='bbox 1250 3975 1290 4025; x_wconf 82' lang='lat' dir='ltr'><strong>ot.</strong></span> 
     </span>
    </p>
   </div>
   <div class='ocr_carea' id='block_1_6' title="bbox 413 4085 1276 4295">
    <p class='ocr_par' dir='ltr' id='par_1_9' title="bbox 413 4085 1276 4295">
     <span class='ocr_line' id='line_1_37' title="bbox 413 4085 1276 4156; baseline 0.005 -16"><span class='ocrx_word' id='word_1_303' title='bbox 413 4085 454 4142; x_wconf 86' lang='lat' dir='ltr'><strong>La</strong></span> <span class='ocrx_word' id='word_1_304' title='bbox 472 4103 535 4142; x_wconf 87' lang='lat' dir='ltr'><strong>aera</strong></span> <span class='ocrx_word' id='word_1_305' title='bbox 553 4087 583 4141; x_wconf 80' lang='lat' dir='ltr'><strong>di</strong></span> <span class='ocrx_word' id='word_1_306' title='bbox 598 4096 706 4142; x_wconf 87' lang='lat' dir='ltr'><strong>eostoro</strong></span> <span class='ocrx_word' id='word_1_307' title='bbox 724 4093 824 4151; x_wconf 91' lang='lat' dir='ltr'><strong>(rerum</strong></span> <span class='ocrx_word' id='word_1_308' title='bbox 840 4089 1035 4155; x_wconf 81' lang='lat' dir='ltr'><strong>generaturumt</strong></span> <span class='ocrx_word' id='word_1_309' title='bbox 1055 4103 1070 4141; x_wconf 95' lang='lat' dir='ltr'><strong>e</strong></span> <span class='ocrx_word' id='word_1_310' title='bbox 1086 4087 1132 4142; x_wconf 82' lang='lat' dir='ltr'><strong>chi</strong></span> <span class='ocrx_word' id='word_1_311' title='bbox 1149 4088 1176 4143; x_wconf 88' lang='lat' dir='ltr'><strong>ia</strong></span> <span class='ocrx_word' id='word_1_312' title='bbox 1193 4088 1276 4156; x_wconf 82' lang='lat' dir='ltr'><strong>duae„</strong></span> 
     </span>
     <span class='ocr_line' id='line_1_38' title="bbox 482 4154 1138 4226; baseline 0.002 -19"><span class='ocrx_word' id='word_1_313' title='bbox 482 4154 545 4208; x_wconf 89' lang='lat' dir='ltr'><strong>Nou</strong></span> <span class='ocrx_word' id='word_1_314' title='bbox 562 4163 605 4208; x_wconf 85' lang='lat' dir='ltr'><strong>sta</strong></span> <span class='ocrx_word' id='word_1_315' title='bbox 622 4156 684 4209; x_wconf 86' lang='lat' dir='ltr'><strong>d&#39;uu</strong></span> <span class='ocrx_word' id='word_1_316' title='bbox 702 4155 795 4222; x_wconf 86' lang='lat' dir='ltr'><strong>modo,</strong></span> <span class='ocrx_word' id='word_1_317' title='bbox 814 4172 829 4209; x_wconf 90' lang='grc' dir='ltr'>θ</span> <span class='ocrx_word' id='word_1_318' title='bbox 842 4157 912 4225; x_wconf 84' lang='lat' dir='ltr'><strong>pero&#39;</strong></span> <span class='ocrx_word' id='word_1_319' title='bbox 929 4161 1000 4207; x_wconf 85' lang='lat' dir='ltr'><strong>sotto</strong></span> <span class='ocrx_word' id='word_1_320' title='bbox 1018 4155 1039 4209; x_wconf 85' lang='lat' dir='ltr'><strong>il</strong></span> <span class='ocrx_word' id='word_1_321' title='bbox 1054 4171 1138 4226; x_wconf 74' lang='lat' dir='ltr'><strong>sequa</strong></span> 
     </span>
     <span class='ocr_line' id='line_1_39' title="bbox 482 4221 953 4295; baseline -0.008 -18"><span class='ocrx_word' id='word_1_322' title='bbox 482 4222 577 4277; x_wconf 83' lang='lat' dir='ltr'><strong>Ideale</strong></span> <span class='ocrx_word' id='word_1_323' title='bbox 589 4225 643 4294; x_wconf 84' lang='lat' dir='ltr'><strong>poi</strong></span> <span class='ocrx_word' id='word_1_324' title='bbox 653 4226 706 4295; x_wconf 79' lang='lat' dir='ltr'><strong>piri</strong></span> <span class='ocrx_word' id='word_1_325' title='bbox 723 4241 738 4277; x_wconf 93' lang='lat' dir='ltr'><strong>e</strong></span> <span class='ocrx_word' id='word_1_326' title='bbox 755 4240 814 4278; x_wconf 88' lang='lat' dir='ltr'><strong>meu</strong></span> <span class='ocrx_word' id='word_1_327' title='bbox 833 4221 953 4277; x_wconf 74' lang='lat' dir='ltr'><strong>traduce:</strong></span> 
     </span>
    </p>
   </div>
   <div class='ocr_carea' id='block_1_7' title="bbox 0 0 1463 4874">
    <p class='ocr_par' dir='ltr' id='par_1_10' title="bbox 0 0 1463 4874">
     <span class='ocr_line' id='line_1_40' title="bbox 0 0 1463 4874; baseline 0 0"><span class='ocrx_word' id='word_1_328' title='bbox 0 0 1463 4874; x_wconf 95' lang='lat' dir='ltr'><strong> </strong></span> 
     </span>
    </p>
   </div>
  </div>
 </body>
</html>
