2910 4876
367 300 501 355 DANTIS
518 298 738 355 MONARCHIA
755 298 802 352 III.
822 299 850 354 C.
870 304 893 353 3.
1150 293 1190 357 93
1293 381 1294 384 ¹

156 471 335 539 Summus
350 492 487 556 namque
501 471 713 554 Pontifex,
728 471 859 538 Domini
874 472 974 537 nostri
984 470 1062 539 Jesu
1074 471 1192 538 Christi

59 574 229 659 vicarius,
259 581 292 641 et
313 575 400 642 Petri
422 595 599 656 successor,
630 572 681 638 cui
703 593 766 639 non
789 571 946 655 quidquid
969 573 1111 658 Christo,
1134 574 1193 642 sed
1211 595 1242 646 25

58 676 226 760 quidquid
247 679 341 744 Petro
358 676 528 760 debemus,
551 676 620 742 nelo
642 677 778 741 fortasse
801 675 954 759 clavium,
978 696 1036 743 nec
1058 697 1122 745 non
1136 678 1193 744 alii
1250 729 1252 733 «

57 796 202 863 gregum
231 767 481 845 Christianomm
509 782 671 865 pastores,
701 783 733 842 et
761 776 832 859 alii,
858 796 952 860 quos,
982 777 1106 862 credo,
1123 781 1192 848 zelo

64 882 138 947 solo
160 881 272 946 matris
300 881 464 949 Ecclesiae
486 878 682 964 promoveri,
712 879 856 963 veritati,
891 897 986 960 quam
1009 886 1193 948 ostensurus

67 1002 148 1067 sum,
172 982 213 1050 de
235 982 303 1049 zelo
319 984 434 1077 ,forsan
456 979 506 1066 (ut
528 979 619 1066 dixi),
642 978 761 1046 nonde
784 981 942 1065 superbia,
965 981 1191 1049 contradicunt.

155 1083 295 1164 Quidam
323 1106 398 1152 vero
426 1084 498 1168 alii,
536 1102 668 1166 quorum
704 1081 864 1147 obstinata
900 1081 1058 1166 cupiditas
1085 1085 1243 1156 lumento

71 1187 203 1254 rationis
224 1187 379 1270 extinxit,
408 1194 455 1270 et,
485 1185 560 1250 dum
584 1205 625 1252 ex
646 1190 737 1270 patre
760 1183 890 1249 diabolo
913 1189 1000 1267 sunt,
1029 1183 1193 1255 Ecclesiae

76 1307 108 1354 se
129 1288 215 1355 filios
239 1308 310 1355 esse
333 1287 459 1373 dicunt,
488 1311 551 1356 non
574 1289 677 1356 solum
705 1286 739 1351 in
766 1285 828 1352 hac
850 1287 1035 1368 quaestione
1057 1288 1194 1372 litigium

75 1396 211 1473 movent,
235 1388 293 1456 sed
315 1390 520 1456 sacratissimi
541 1392 743 1475 Principatus
765 1388 957 1455 vocabulum
978 1390 1194 1475 abhorrentes,

76 1490 269 1576 superiorum
283 1493 505 1574 quaestionum
519 1499 551 1560 et
558 1493 653 1578 hujus
660 1491 816 1579 principia
823 1490 1024 1576 impudenter
1033 1498 1193 1574 negarent.

158 1593 239 1660 Sunt
261 1595 358 1660 etiam
380 1594 511 1678 tertii,
541 1615 621 1677 quos
642 1593 950 1662 Decretalistas
979 1598 1108 1678 vocant,
1139 1595 1194 1676 qui
1212 1615 1244 1667 35

79 1695 271 1778 Theologiae
294 1716 333 1761 ac
347 1696 576 1782 Philosophiae
600 1696 771 1782 cujuslibet
791 1695 884 1761 inscii
900 1701 933 1761 et
949 1702 1106 1782 expertes,
1129 1698 1195 1764 suis

100 1865 121 1900 33
138 1864 171 1918 F.
198 1865 245 1918 cui
271 1880 325 1918 non
355 1863 490 1935 quidquid
513 1863 605 1926 Petro,
685 1865 708 1898 ³³
726 1864 756 1917 P.
774 1863 932 1918 vocabulum
951 1863 1112 1920 adherentes

140 1948 265 2003 omittens
290 1950 383 2003 verbe:
414 1947 530 2013 Christo,
560 1949 610 2004 sed
687 1950 709 1983 ³³
726 1948 762 2002 Η,
782 1949 968 2019 imprudenter

141 2032 277 2104 quidquid
745 2033 816 2087 Edd.
836 2039 972 2103 ruperunt
995 2065 1028 2074 —
1041 2034 1074 2088 In
1090 2033 1125 2088 H.
1144 2051 1196 2091 vox

98 2119 122 2152 ²⁷
139 2135 253 2191 prepum
274 2117 486 2173 Christianorum
507 2118 609 2172 hebent
728 2126 862 2189 ueparent
879 2118 986 2173 omnino
1005 2118 1088 2176 deest.
1123 2118 1196 2176 Reli-

143 2218 234 2258 omnes
256 2208 364 2272 praeter
385 2199 472 2256 Pelet.
496 2208 523 2257 et
540 2204 607 2258 Ven.
728 2219 843 2273 quorum
862 2202 984 2257 codicum
1005 2203 1161 2270 lectionem,
1180 2221 1197 2261 a

144 2289 190 2357 qui
205 2287 332 2343 exhibent
342 2303 453 2358 meeum
469 2285 565 2343 Christ.
584 2294 611 2343 et
730 2289 808 2343 nobis
821 2293 965 2356 receptam,
984 2288 1127 2346 confirmat
1139 2305 1197 2344 ver·

143 2373 278 2436 Ambros,
301 2371 329 2426 tn
354 2387 406 2439 quo
424 2371 524 2443 legitur
541 2389 611 2445 pcn-
729 2373 768 2427 sio
787 2372 875 2427 Ficini
893 2370 1115 2443 (nepherebbono)

144 2459 208 2511 tr'urn
247 2455 468 2512 Christianarum.
517 2458 611 2528 Longe
689 2458 713 2491 33
729 2456 769 2512 F:
782 2457 819 2510 M.
839 2463 867 2510 et
885 2456 943 2510 edd.
961 2455 1033 2512 Sunt
1049 2466 1076 2511 et
1093 2459 1167 2512 tertii

143 2542 220 2611 pejus
248 2542 276 2595 in
307 2541 381 2596 editt.
412 2541 610 2612 antiquioribus
747 2543 778 2596 P.
797 2542 992 2616 Decretah‘stas
1008 2557 1136 2598 coeamus

140 2643 301 2698 praecorum
310 2626 612 2695 Christianorumqnod
747 2628 802 2698 qui,
821 2627 962 2696 quodcum
970 2624 1005 2680 Η.
1020 2633 1084 2696 post
1098 2635 1197 2683 vocant

144 2726 178 2765 ne
204 2711 311 2781 quidem
344 2717 488 2780 postquem
523 2712 610 2768 versio
729 2712 903 2777 inseruimus,
930 2711 1008 2766 abest
1034 2709 1063 2765 in
1087 2711 1197 2783 reliquis

144 2795 234 2851 Ficini
260 2797 298 2862 (Ia
322 2798 440 2868 preppr'a
469 2797 610 2863 auriana)
731 2797 801 2852 etin
819 2795 878 2850 edd.

144 2881 231 2937 lucem
240 2882 352 2947 viderat,
371 2885 547 2936 correxerunt
558 2881 611 2935 edi·
747 2881 777 2934 P.
796 2884 824 2936 et
841 2881 874 2934 V.
891 2897 943 2951 per
962 2879 1123 2952 iheolopr'ae

144 2970 226 3021 tores.
267 2965 336 3020 Vide
360 2981 430 3035 quae
450 2965 566 3020 diximus
583 2967 612 3020 in
689 2966 712 3000 ³³
729 2967 763 3020 A.
781 2965 812 3019 F.
840 2964 1036 3037 Philosophiae
1056 2984 1091 3022 ae
1114 2965 1197 3023 Theo-

145 3050 228 3116 libro,
257 3051 301 3118 qui
330 3051 485 3115 inscribitur
511 3050 613 3106 Dante·
730 3051 820 3123 lopiac

144 3133 340 3206 Forsehunpen
357 3153 384 3205 p.
407 3141 461 3191 116.
748 3136 779 3189 Ρ.
806 3135 924 3191 caulibet
948 3167 981 3177 -
1007 3137 1039 3195 F.
1066 3138 1199 3195 cunabilis

105 3220 129 3253 ²³
145 3220 227 3274 Laur.
248 3225 275 3274 et
293 3219 351 3274 edd.
371 3221 439 3276 Eecl
456 3222 614 3293 permoveri
731 3251 765 3261 -
782 3221 815 3274 A.
834 3221 976 3277 eunahhus

104 3305 127 3337 33
143 3303 177 3358 Η.
197 3309 224 3359 et
240 3305 279 3359 M.
296 3305 483 3362 contradicent
748 3307 805 3378 qui,
814 3307 887 3375 quod
894 3313 957 3375 post
965 3308 1199 3380 experteshabent

105 3388 127 3421 ³¹
144 3389 179 3442 A.
196 3387 226 3441 P.
245 3405 284 3445 ex
296 3396 380 3460 parte
397 3390 468 3448 dr'ah.
729 3390 907 3458 recentiores,
925 3406 980 3446 non
991 3391 1089 3463 legitur
1106 3393 1134 3447 in
1152 3409 1198 3448 oo·

105 3473 128 3506 ³³
144 3473 177 3526 A.
195 3473 226 3527 P.
251 3472 327 3530 Erat.
347 3475 421 3544 filios
446 3491 475 3529 se
498 3490 555 3530 esse
579 3503 612 3515 -
732 3476 836 3531 dicibus

146 3558 180 3612 H.
199 3557 275 3614 Eacl.
293 3575 323 3613 se
339 3575 397 3614 esse
411 3558 485 3629 fih'os

147 3694 171 3727 33
188 3693 264 3748 Haec
282 3695 316 3748 de
334 3693 501 3765 Guelphis
519 3693 593 3750 dicta
611 3709 669 3750 esse
686 3700 767 3764 puta:

232 3845 260 3900 Ε
275 3846 376 3903 Iaseiar
392 3777 632 3904 seder’bbblber'echi
648 3778 786 3902 hinovsreelhif‘
798 3778 982 3915 &thebrgmhi'iiz
989 3820 1045 3910 ⁹91.)

81 3931 103 3965 ³¹
129 3930 239 3986 Evnne.
262 3931 383 3986 Jonssn.
408 3935 437 3987 C.
456 3932 529 3987 VIII.
554 3951 578 3987 v.
597 3937 638 3986 44.
680 3931 752 3997 „Vos
777 3947 812 3985 cx
835 3936 913 4001 patre
936 3932 1043 3987 diabolo
1066 3931 1145 3997 estis,
1172 3938 1199 3988 et
1309 3950 1311 3955 ·

80 3998 213 4056 desideria
229 4001 316 4070 patrIs
333 4003 415 4058 vestri
433 4001 513 4056 vultis
531 4000 648 4056 Iaceret
718 4001 741 4033 33
758 3999 878 4054 Parad.
898 3999 944 4053 IX.
967 4004 1023 4057 133.

403 4084 584 4155 L’annpeh'o
602 4101 617 4138 e
634 4086 646 4139 i
660 4084 759 4138 Dottor
776 4085 871 4155 mapnr'

353 4153 409 4208 Son
427 4152 559 4218 derelittr',
577 4170 593 4208 e
609 4152 667 4207 solo
685 4153 715 4206 ai
733 4152 913 4208 decretali

352 4220 385 4276 Si
400 4221 491 4276 studia
508 4221 545 4286 sr',
564 4219 613 4278 che
625 4237 697 4293 pare
714 4223 744 4275 ai
760 4221 803 4275 lor
818 4222 935 4294 riaapnr'.
